3278 5542
693 1385 864 1458 CAPUT
898 1385 952 1454 111

761 1638 865 1658 m

229 1878 360 1957 eritrea
392 1881 596 1958 Aristotelis
629 1858 665 1957 rn'
700 1883 804 1958 areas
840 1879 1098 1957 arnonus
1135 1906 1150 1948 2
1182 1884 1220 1953 ut
1254 1898 1399 1955 causas.

310 2267 397 2332 Cum
426 2267 517 2332 Plato
539 2288 606 2332 non
631 2269 771 2351 assignet
795 2269 829 2331 in
854 2290 874 2328 ‹<
899 2267 1073 2331 Phaedone
1096 2289 1116 2327 »
1139 2265 1327 2330 relationem
1356 2278 1402 2328 νοῦ

231 2374 271 2439 ad
298 2373 386 2437 ideas
417 2387 452 2437 ut
477 2394 601 2450 causas,
629 2394 687 2438 nec
715 2374 810 2437 faciat
835 2374 1018 2457 explicitam
1045 2374 1247 2436 mentionem
1273 2371 1338 2436 alio
1368 2373 1401 2435 in

232 2480 303 2544 loco
339 2480 481 2543 futuram
518 2501 586 2545 esse
615 2483 718 2564 magis
750 2480 871 2544 claram
906 2481 1200 2544 considerationem
1230 2480 1270 2544 de
1297 2482 1404 2544 causis

233 2606 352 2662 rerum,
377 2587 449 2651 ideo
472 2600 503 2651 et
525 2587 710 2652 Aristoteles
734 2587 861 2651 disserit
884 2587 924 2652 de
946 2587 1008 2651 hoc
1031 2586 1103 2652 loco
1126 2609 1146 2647 ‹<
1168 2586 1363 2651 Phaedonis.
1384 2611 1404 2649 »

320 2693 408 2757 Haec
439 2695 548 2756 critica
576 2695 742 2758 invenitur
763 2695 797 2756 in
826 2693 871 2757 ll0
895 2693 951 2757 lib.
982 2715 1014 2757 rx
1042 2713 1112 2776 cap.
1141 2695 1197 2757 ubi
1225 2706 1338 2759 tractat
1365 2695 1405 2760 de

232 2802 438 2886 generatione
461 2814 491 2864 et
515 2803 731 2884 corruptione.
752 2838 793 2848 -
812 2802 1003 2866 lmmediate
1025 2815 1100 2865 ante
1120 2802 1205 2865 hanc
1228 2803 1372 2865 criticam
1393 2805 1402 2838 ¹

234 2909 426 2973 determinat
444 2907 630 2972 Aristoteles
653 2910 893 2991 generationem
918 2921 948 2972 et
971 2909 1212 2991 corruptionem
1233 2928 1301 2972 esse
1322 2911 1406 2972 circa

235 3036 280 3092 ea,
297 3036 381 3099 quae
400 3026 537 3098 possunt
555 3034 623 3078 esse
642 3027 672 3078 et
692 3035 760 3078 non
779 3034 857 3091 esse,
874 3016 951 3098 quia
967 3015 1000 3078 id
1019 3015 1107 3098 quod
1126 3028 1173 3079 est
1188 3017 1404 3079 necessarium

236 3123 327 3187 aliter
355 3142 388 3186 se
423 3121 540 3185 habere
574 3142 642 3186 non
678 3134 790 3204 potest.
820 3122 891 3186 Hoc
925 3134 1034 3186 autem
1065 3122 1154 3205 quod
1182 3136 1351 3206 generatur
1378 3136 1409 3188 et

235 3231 464 3313 corrumpitur,
481 3232 547 3314 jam
572 3230 635 3294 hoc
657 3231 726 3312 ipso
750 3229 841 3294 aliter
859 3242 890 3293 et
910 3228 1001 3293 aliter
1021 3249 1053 3293 se
1072 3230 1179 3306 habet,
1197 3231 1273 3313 quia
1294 3231 1409 3293 transit

237 3336 275 3400 de
294 3355 363 3399 uno
383 3349 466 3399 statu
491 3337 526 3398 in
550 3335 664 3400 alium.
681 3337 789 3420 Agens
809 3336 943 3401 ulterius
959 3338 970 3373 ²
989 3337 1029 3400 de
1048 3339 1154 3400 causis
1172 3336 1407 3420 generabilium

237 3456 266 3507 et
283 3442 558 3526 corruptibilium,
575 3445 668 3526 ponit
690 3445 858 3508 materiam
875 3444 953 3526 (ὕλη)
970 3457 1005 3507 ut
1023 3463 1155 3507 causam
1172 3444 1408 3528 generabilium

236 3552 334 3635 (αἴτιον
354 3561 409 3621 τοϊς
430 3551 576 3633 γενητοῖς),
597 3552 675 3632 quia
695 3552 765 3615 sine
790 3553 923 3615 materia
946 3570 1014 3614 non
1038 3563 1141 3634 potest
1160 3571 1228 3615 esse
1248 3553 1410 3635 generatio

237 3659 510 3740 contingentium.
541 3658 757 3722 —Secunda
783 3678 892 3734 causa,
920 3659 1013 3722 cuius
1043 3660 1142 3741 gratia
1173 3659 1209 3721 fit
1235 3660 1409 3742 generatio,

238 3777 284 3828 est
313 3764 420 3828 forma
450 3776 480 3828 et
508 3765 628 3848 species
655 3801 696 3811 —
719 3765 770 3847 (Ta
796 3767 825 3828 οὗ
851 3765 938 3828 ἕνεκεν
964 3769 982 3846 ἡ
1010 3764 1097 3848 μορφὴ
1124 3767 1169 3827 καὶ
1195 3768 1226 3827 τὸ
1253 3762 1342 3848 εἶδος).
1373 3801 1413 3811 -

240 3872 359 3935 Forma
385 3872 553 3934 constituit
577 3873 750 3935 essentiam
770 3873 923 3954 generati,
949 3870 999 3935 vel
1025 3883 1060 3934 ut
1082 3871 1267 3936 Aristoteles
1292 3874 1326 3935 in
1352 3872 1413 3936 hoc

241 3978 312 4043 loco
332 3977 438 4042 dicit:
466 3976 571 4041 forma
599 3990 645 4041 est
672 3979 752 4041 ratio
773 3980 998 4061 cuiuscunque
1020 3977 1218 4042 substantiae
1243 3980 1345 4061 (τοῦτο,
1368 4000 1412 4044 sc.

240 4083 329 4171 μορφὴ
362 4083 414 4148 vel
442 4079 509 4153 εἶδος
516 4132 524 4158 ,
554 4084 651 4146 δ’ἐστὶν
679 4092 693 4146 δ
721 4088 799 4168 λόγος
826 4094 841 4147 b
867 4094 918 4165 τῆς
952 4087 1064 4147 ἑκάστου
1100 4087 1216 4168 οὐσίας).
1253 4123 1294 4133 -
1327 4087 1414 4152 Cum

240 4193 405 4276 generatio
429 4192 469 4256 sit
493 4191 691 4256 substantiae
714 4194 814 4275 gratia
845 4212 914 4257 non
945 4205 1053 4257 autem
1077 4194 1222 4257 vicissim
1252 4208 1283 4258 et
1311 4195 1416 4259 forma

310 4467 330 4503 1.
349 4451 371 4502 ll
387 4453 426 4503 De
440 4465 530 4516 gener.
547 4461 574 4502 et
587 4464 666 4510 corn,
682 4465 704 4501 c.
721 4466 757 4510 rx,
774 4466 800 4516 p.
815 4451 870 4517 463,
887 4466 913 4501 v.
927 4451 1007 4504 32-36.

307 4547 331 4583 2.
350 4532 434 4592 Idem,
450 4546 476 4583 v.
494 4531 578 4583 3638.
