3278 5536
774 570 992 642 -136-

301 729 556 813 pulchritudinis
575 731 727 812 (κάλλους),
742 732 1074 794 commensurationis
1089 731 1272 812 (Ευμμετρίας)
1286 742 1316 792 et
1330 731 1470 793 veritatis

300 836 462 919 (ἆλήθειας).

381 945 492 1007 Primo
525 944 604 1007 dicit
630 943 920 1027 pulchritudinem,
944 944 1021 1026 quia
1052 944 1198 1007 mundus
1221 956 1268 1006 est
1296 942 1471 1026 pulcherri-

301 1072 386 1128 mus,
408 1064 438 1115 et
462 1052 605 1115 secundo
631 1052 999 1126 commensurationem,
1022 1052 1099 1133 quia
1124 1049 1208 1114 nihil
1229 1063 1276 1114 est
1296 1049 1469 1133 pulchrum

301 1160 364 1222 nisi
385 1171 465 1222 recte
483 1159 717 1221 concinnatum
732 1161 741 1194 ¹
755 1179 762 1232 ;
781 1159 1058 1221 commensuratio
1072 1159 1167 1241 igitur
1182 1160 1216 1220 in
1229 1141 1472 1241 pulchritudine

301 1267 366 1329 iam
390 1264 578 1329 includitur.
603 1265 665 1328 Sed
691 1266 778 1328 iuxta
804 1263 973 1328 Platonem
1001 1263 1049 1327 nil
1073 1277 1120 1328 est
1142 1264 1317 1348 pulchrum
1340 1267 1415 1342 nisi,
1437 1278 1473 1329 ut

301 1372 379 1435 dicit
406 1375 439 1435 in
468 1372 731 1447 «Phaedone»,
761 1373 928 1454 participet
956 1371 1062 1435 ideam
1091 1371 1230 1455 pulchri,
1261 1372 1311 1437 vel
1341 1374 1403 1435 nisi
1433 1373 1474 1435 sit

301 1475 423 1544 factum
447 1481 535 1544 iuxta
556 1481 674 1556 ideam,
695 1492 791 1563 prout
811 1478 881 1543 vult
903 1481 937 1542 in
958 1502 978 1540 c<
997 1481 1184 1544 Timaeo.»
1204 1481 1241 1543 ln
1264 1482 1344 1545 ideis
1363 1493 1471 1544 autem

301 1603 331 1654 et
361 1589 401 1652 de
432 1588 512 1651 ideis
543 1599 590 1650 est
620 1589 787 1651 scientia2
816 1608 1001 1670 supremam
1033 1589 1199 1652 veritatem
1233 1590 1403 1672 attingens
1426 1589 1474 1651 Ex

301 1695 561 1760 consideratione
592 1694 737 1758 idearum
766 1695 856 1759 Plato
886 1697 920 1758 in
947 1694 1206 1778 «Republica»
1230 1696 1271 1759 ad
1302 1715 1472 1759 summum

303 1803 429 1866 bonum
456 1821 511 1864 seu
536 1801 576 1864 ad
602 1800 707 1864 ideam
733 1801 824 1877 boni,
848 1822 931 1884 quae
954 1814 1001 1865 est
1023 1804 1119 1884 supra
1143 1822 1258 1866 omnes
1282 1803 1380 1880 ideas,
1406 1823 1476 1886 per·

303 1910 402 1972 venit.
433 1906 576 1987 Τ’ἁγαθόν,
606 1907 647 1969 ad
674 1908 762 1990 quod
795 1909 1064 1992 consequendum
1100 1911 1187 1973 iuxta
1215 1908 1431 1974 «Philebum
1456 1935 1476 1972 »

305 2017 525 2099 pervenimus,
557 2017 683 2097 saepius
718 2018 751 2078 in
784 2015 1049 2098 «Republica»
1077 2015 1265 2098 simpliciter
1293 2017 1363 2081 idea
1395 2018 1475 2082 boni

305 2124 334 2205 (ἡ
356 2126 411 2186 ἰδέα
430 2135 477 2185 τοῦ
499 2121 610 2203 ἀγαθοῦ)
631 2120 819 2204 appellatur.
836 2123 906 2186 Hoc
928 2135 1035 2186 autem
1055 2122 1180 2203 τ’ἁγαθόν
1200 2124 1304 2188 tribus
1326 2125 1406 2188 ideis
1428 2127 1477 2188 in-

305 2243 453 2305 ventum,
479 2241 526 2292 est
552 2241 665 2311 quarta
689 2242 719 2292 et
747 2249 877 2292 summa
905 2231 1057 2293 omnium
1082 2250 1189 2293 causa.
1216 2231 1412 2314 Demiurgus
1441 2234 1476 2295 in

307 2336 512 2400 «Philebo»
530 2347 577 2399 est
595 2337 691 2398 etiam
712 2349 863 2418 quartum
883 2338 1082 2419 principium
1103 2337 1147 2419 (p.
1174 2338 1252 2422 123),
1273 2351 1303 2402 et
1330 2340 1375 2402 sic
1395 2352 1478 2403 recte

305 2443 462 2507 coincidit
482 2461 558 2504 cum
577 2441 703 2524 τ’ἀγαθόν
718 2463 773 2506 seu
794 2442 864 2506 idea
885 2444 975 2506 boni.
994 2443 1064 2506 Hoc
1079 2442 1203 2526 τ’ἁγαθον
1223 2446 1257 2507 in
1272 2445 1478 2510 «Philebo»

306 2563 354 2615 est
381 2570 512 2613 summa
536 2570 632 2613 causa
660 2549 805 2613 efficiens
830 2563 860 2612 et
889 2570 1058 2613 summum
1087 2551 1213 2614 bonum
1242 2552 1329 2628 finis,
1358 2552 1479 2618 scilicet

307 2659 405 2720 totius
428 2669 569 2719 naturae.

386 2761 571 2826 Aristoteles
592 2761 710 2826 nullibi
731 2763 858 2826 disserit
877 2763 916 2826 de
936 2762 1104 2847 teleologia
1119 2787 1138 2824 ‹<
1153 2763 1290 2828 Philebi.
1307 2789 1326 2826 »
1342 2767 1377 2829 ld
1398 2766 1479 2831 forte

308 2871 489 2936 secundum
516 2890 573 2933 sua
595 2871 754 2952 principia
770 2869 896 2933 Platoni
917 2870 1055 2954 objicere
1075 2873 1241 2954 potuisset,
1258 2872 1346 2955 quod
1369 2874 1421 2937 hic
1444 2875 1478 2936 in

309 2981 369 3041 isto
391 2977 496 3041 ethico
520 2976 649 3059 dialogo
676 2995 846 3039 summum
872 2976 1018 3039 hominis
1040 2977 1166 3040 bonum
1191 2998 1209 3040 a
1234 2998 1366 3042 summo
1390 2979 1479 3043 bono

307 3087 405 3148 totius
427 3083 544 3146 mundi
568 3103 635 3146 non
657 3083 866 3159 distinxisset,
887 3103 970 3166 quae
992 3085 1079 3147 iuxta
1093 3084 1296 3148 Aristotelem
1318 3086 1361 3166 (p.
1379 3106 1420 3168 74
1438 3088 1478 3168 s.)

309 3192 414 3253 stricte
433 3189 662 3272 distinguenda
685 3201 770 3252 sunt.

376 3467 395 3500 r.
412 3450 494 3510 Tim,
520 3451 550 3515 87
573 3451 594 3500 C
614 3468 620 3498 :
643 3443 669 3493 rb
684 3437 711 3493 δὲ
722 3443 791 3494 καλὸν
806 3445 847 3494 οὐκ
861 3443 968 3514 ἄμετρον.

372 3547 396 3580 2.
414 3531 493 3592 Phil,
510 3532 545 3582 58
562 3532 596 3589 A,
613 3530 644 3594 59
660 3531 688 3589 C,
705 3530 731 3580 61
750 3532 816 3580 o-E.

742 3967 1051 4069 &PK-
