3278 5536
705 491 924 536 -102—

230 647 276 699 est
293 637 314 698 ¹.
341 635 469 698 Bonum
493 632 672 716 appellatur
692 645 852 716 quatenus
874 632 915 695 ad
938 649 1150 695 communem
1176 628 1276 691 finem
1297 626 1399 702 ducit,

230 742 404 825 pulchrum
434 761 509 804 vero
539 753 699 824 quatenus
727 760 803 805 cum
833 739 903 805 idea
933 759 990 804 sua
1018 737 1182 823 congruit,
1214 754 1296 820 quae
1329 734 1401 798 idea

230 849 323 933 quasi
343 849 512 931 quiescens
531 861 698 931 spectatur.

516 1097 687 1157 Deiectus
712 1099 923 1172 taleologlae
945 1097 1116 1156 Platonis.

316 1276 406 1341 Plato
441 1278 519 1360 ipse,
549 1296 739 1362 quanquam
778 1290 844 1341 tam
880 1279 1090 1362 Anaxagorae
1128 1296 1228 1360 quam
1262 1277 1403 1340 Socratis

230 1403 351 1448 errores
374 1386 529 1467 corrigere
555 1385 727 1468 satagebat,
755 1385 974 1448 nihilominus
1000 1397 1030 1447 et
1056 1385 1123 1465 ipse
1149 1384 1265 1447 erravit
1291 1384 1324 1444 in
1352 1402 1401 1458 eo,

230 1491 318 1574 quod
333 1491 414 1554 fines
429 1511 536 1556 rerum
552 1493 719 1556 ostendere
734 1491 814 1568 vult,
832 1493 925 1575 quasi
944 1494 1051 1574 ipsum
1068 1492 1282 1573 Demiurgum
1299 1489 1404 1553 oculis

230 1610 371 1662 cerneret
390 1599 524 1682 eiusque
546 1600 743 1663 intentiones
765 1601 963 1681 perspiceret.
987 1598 1092 1662 Totus
1111 1599 1347 1673 «Timaeus»,
1370 1610 1406 1661 ut

230 1723 306 1767 cum
327 1703 517 1768 Willmann
538 1705 645 1770 dicam
666 1709 688 1782 ¹,
714 1704 798 1769 nihil
820 1719 867 1770 est
888 1704 977 1770 aliud
999 1706 1062 1768 nisi
1082 1706 1190 1770 audax
1207 1706 1405 1769 constructio

230 1811 387 1887 universi,
412 1811 446 1873 in
468 1812 562 1894 cujus
587 1811 782 1875 formatione
802 1812 890 1876 Deus
912 1812 1052 1876 intendit
1072 1814 1235 1895 optimum
1258 1813 1357 1876 totius
1375 1824 1406 1875 et

232 1917 451 2002 singulorum.

324 2025 416 2090 Plato
459 2025 629 2108 distinguit
668 2026 734 2090 duo
775 2046 891 2111 genera
931 2046 1103 2090 causarum
1139 2029 1167 2104 ³,
1210 2028 1407 2091 necessarias

231 2152 346 2196 causas
364 2145 395 2197 et
414 2132 625 2197 intellectum.
650 2134 802 2216 Cognitio
825 2134 903 2196 boni
926 2153 981 2197 seu
1004 2134 1079 2197 finis
1100 2154 1197 2218 quem
1221 2132 1408 2198 Intellectus

232 2240 267 2301 in
288 2240 508 2303 construendo
534 2239 661 2303 mundo
686 2240 824 2304 intendit
849 2242 954 2323 major
981 2253 1037 2317 est,
1061 2261 1161 2323 quam
1187 2261 1275 2304 mera
1298 2240 1408 2323 physi-

232 2344 312 2409 calis
336 2345 517 2428 explicati0,
544 2349 621 2430 quia
645 2372 652 2410 :
678 2369 698 2406 «
722 2349 840 2411 mentis
864 2360 973 2411 autem
998 2360 1028 2412 et
1051 2349 1203 2412 scientiae
1225 2359 1406 2411 amatorem

233 2465 356 2535 oportet
384 2451 593 2537 intelligentis
620 2466 753 2517 naturae
780 2473 893 2518 causas
926 2457 1048 2537 primas
1078 2456 1229 2538 indagare
1256 2478 1287 2530 »‚
1317 2454 1408 2537 quod

235 2559 326 2623 Plato
360 2579 468 2622 revera
501 2561 535 2621 in
563 2581 583 2620 a
611 2560 748 2623 Timaeo
777 2583 796 2621 »
824 2560 909 2624 facit.
940 2598 981 2607 -
1008 2561 1239 2644 Cognitionem
1274 2551 1408 2631 naturae

234 2685 341 2729 rerum
375 2666 541 2748 postponit
572 2667 751 2748 cognitioni
786 2667 862 2729 finis
896 2687 1007 2730 earum
1046 2680 1076 2731 et
1111 2680 1205 2750 negat
1237 2668 1276 2731 de
1312 2669 1407 2731 rebus

234 2793 303 2838 esse
327 2773 507 2836 scientiam.
536 2772 600 2835 Ubi
626 2792 694 2835 non
718 2784 821 2855 potest
846 2774 1006 2856 applicare
1031 2773 1224 2836 methodum
1245 2772 1409 2857 teleologi-

234 2899 319 2956 cam,
344 2900 376 2943 v.
402 2899 448 2962 gr.
476 2899 552 2943 cum
580 2879 726 2962 loquitur
752 2880 793 2943 de
819 2882 977 2944 mixtione
1002 2881 1162 2957 colorum,
1191 2883 1237 2945 sic
1264 2881 1343 2945 dicit
1368 2882 1408 2946 de

235 2986 303 3049 sola
329 2984 485 3070 physicali
514 2985 756 3068 explicatione*
783 3011 790 3050 :
821 2988 1029 3068 «Quantum
1056 3007 1132 3050 vero
1158 2990 1290 3071 quantis
1317 3009 1409 3052 men-

237 3111 310 3162 sura
332 3094 384 3170 sit,
407 3094 503 3156 etiam
529 3094 555 3155 si
580 3093 654 3175 quis
680 3093 769 3169 sciat,
795 3093 899 3157 dicere
923 3094 1092 3175 prudentis
1116 3107 1265 3171 nonest,
1288 3097 1408 3178 quippe

236 3220 377 3283 quorum
412 3219 517 3283 neque
545 3201 765 3264 necessitatem
795 3221 899 3285 neque
927 3200 1137 3265 verisimilem
1169 3203 1327 3265 rationem
1357 3203 1408 3266 vel

238 3306 442 3370 mediocriter
464 3307 626 3389 quispiam
650 3307 780 3389 (dicere)
802 3309 913 3390 possit.
935 3330 955 3368 »
977 3310 1021 3372 Ut
1041 3308 1179 3384 videtur,
1202 3310 1292 3390 parvi
1317 3311 1409 3372 aesti-

239 3426 306 3476 mat
328 3413 493 3497 physicale
512 3415 782 3496 experimentum,
807 3415 913 3478 immo
934 3427 969 3477 ut
991 3415 1193 3497 impossibile
1213 3428 1310 3492 tenet,
1331 3436 1407 3480 cum

239 3518 373 3583 ulterius
396 3520 512 3583 dicat⁵
538 3545 544 3584 :
567 3542 587 3579 «
604 3521 647 3582 At
672 3522 698 3582 si
727 3522 801 3602 quis
829 3521 1024 3603 experiendo
1052 3523 1130 3586 haec
1159 3523 1350 3606 investigare
1380 3537 1410 3587 et

238 3627 373 3709 probare
395 3626 483 3704 velit,
508 3627 672 3690 humanae
695 3638 725 3690 et
745 3628 876 3691 divinae
901 3641 1034 3693 naturae
1055 3628 1230 3692 discrimen
1255 3631 1409 3712 ignorans

239 3735 361 3798 nesciat
382 3736 488 3797 Deum
511 3734 643 3816 quidem
668 3732 770 3798 multa
795 3737 829 3797 in
853 3756 958 3799 unum
983 3736 1220 3801 commiscendi
1245 3750 1275 3800 et
1299 3757 1409 3801 rursus

238 3859 277 3904 ex
295 3860 364 3905 uno
385 3842 419 3904 in
440 3839 542 3904 multa
562 3840 762 3906 dissolvendi
783 3844 859 3906 satis
878 3855 907 3906 et
927 3845 1059 3908 seientia
1076 3857 1106 3908 et
1125 3846 1267 3927 potentia
1286 3845 1410 3927 praedi·

304 4090 324 4125 ι,
347 4073 430 4134 Tim„
452 4075 483 4140 87
509 4075 538 4126 C.
553 4068 603 4119 Πᾶν
617 4062 650 4125 δὴ
665 4070 691 4120 τὸ
708 4068 794 4139 ἀγαθὸν
807 4071 887 4132 καλόν,
900 4071 926 4121 τὸ
941 4064 969 4120 δὲ
982 4070 1052 4121 καλὸν
1066 4071 1106 4121 οὐκ
1119 4069 1228 4140 ἄμετρον.

301 4170 324 4207 2.
340 4155 490 4206 Willmann
505 4155 548 4215 0.,
564 4172 579 4204 c
593 4155 753 4206 Geschichte
768 4155 815 4206 des
831 4155 911 4208 ldeal.
926 4173 950 4216 a»,
967 4157 987 4218 l,
1004 4171 1029 4221 p.
1044 4157 1111 4222 437.

300 4236 325 4287 3.
342 4235 424 4297 Tim,
437 4236 469 4302 46
482 4237 515 4298 D,
530 4237 563 4288 Ε.

299 4329 324 4382 4.
342 4315 424 4376 Tim..
439 4316 470 4368 68
483 4318 515 4368 B.

300 4397 324 4449 5.
342 4397 392 4460 Id„
408 4396 442 4448 68
459 4398 488 4450 C.
