3278 5536
789 579 991 664 ..64-

307 742 476 818 munione,
498 762 540 805 an
561 759 757 825 quacunque
776 740 839 805 alia
860 743 985 805 ratione
1004 754 1034 805 et
1055 741 1154 805 modo
1172 744 1195 817 ¹,
1215 741 1276 805 hoc
1299 742 1389 806 Plato
1410 763 1478 808 non

305 848 452 932 explicat,
476 867 535 912 nec
554 847 624 911 vult
648 846 816 930 explicare,
840 860 881 924 et,
906 860 941 912 ut
964 848 1144 912 Schneider
1169 861 1251 912 recte
1272 849 1350 912 dicit
1371 850 1394 925 ²,
1420 870 1480 914 nec

303 969 349 1020 est
376 957 552 1021 necessaria
581 955 659 1020 haec
685 955 912 1019 determinatio
936 975 995 1038 pro
1024 955 1168 1020 ulteriori
1196 959 1481 1039 argumentatione

306 1064 405 1138 huius
425 1063 556 1146 dialogi.

384 1171 469 1234 Tam
492 1169 650 1253 generalis
671 1171 832 1252 expressio
854 1193 860 1232 :
882 1191 902 1229 «
921 1170 1025 1253 εἷθ’ὅπῃ
1040 1167 1072 1250 δὴ
1090 1169 1135 1231 καὶ
1157 1171 1228 1239 ὅπως
1247 1178 1430 1254 προσγίγνεται
1446 1194 1477 1247 »,

306 1291 341 1342 ιιι
367 1277 449 1341 mihi
472 1277 611 1353 videtur,
636 1296 703 1340 non
726 1276 868 1341 excludit
895 1277 1075 1340 necessario
1098 1278 1227 1340 tertium
1253 1297 1361 1360 agens,
1388 1279 1479 1361 quod

305 1385 390 1449 hanc
405 1385 684 1468 participationem
705 1397 812 1467 posset
831 1383 964 1448 efficere.
984 1384 1054 1448 Hoc
1069 1404 1167 1468 agens
1188 1383 1271 1448 nihil
1291 1384 1380 1449 aliud
1397 1398 1481 1450 esset

306 1494 368 1556 nisi
392 1505 463 1569 νοῦς,
488 1494 641 1575 quamvis
664 1492 705 1556 de
730 1492 793 1556 hoc
820 1511 887 1556 non
918 1491 1070 1575 loquatur
1096 1491 1198 1568 Plato,
1225 1504 1335 1556 tamen
1364 1512 1498 1556 sensus-

303 1601 402 1664 totius
428 1598 549 1683 dialogi
579 1600 735 1683 permittit
762 1599 860 1663 talem
895 1600 1166 1682 suppositionem,
1196 1612 1226 1663 et
1253 1599 1422 1682 praecipue
1451 1599 1479 1660 si

304 1707 526 1771 consideretur
547 1727 649 1771 nexus
675 1708 758 1771 inter
781 1729 800 1767 «
823 1706 1033 1770 Phaedonem
1057 1729 1076 1768 »
1098 1719 1168 1770 et«
1188 1707 1376 1770 Timaeum.
1398 1729 1418 1766 »

389 1814 434 1877 Ea
464 1815 560 1897 igitur
586 1815 712 1890 omnia,
743 1833 826 1896 quae
855 1833 951 1896 supra
978 1814 1134 1890 diximus,
1165 1826 1198 1877 ut
1226 1813 1308 1876 mihi
1337 1813 1477 1888 videtur,

304 1921 442 1985 suadent
457 1923 490 1985 in
506 1944 525 1982 «
541 1922 748 1986 Phaedone»
762 1923 812 2005 agi
828 1922 936 2005 potius
951 1921 991 1985 de
1005 1920 1159 1985 methodo
1175 1919 1367 1984 stabilienda
1382 1918 1480 1983 relate

304 2028 344 2091 ad
366 2029 582 2093 «Timaeum
605 2031 615 2066 ³
638 2053 668 2105 »,
691 2049 791 2112 quam
814 2030 854 2093 de
877 2028 1079 2112 explicandis
1098 2048 1204 2092 rerum
1226 2027 1351 2091 ultimis
1371 2028 1480 2090 causis

303 2146 333 2197 et
355 2135 487 2199 finibus.
985 2134 988 2139 ’

369 2384 389 2421 t.
409 2368 525 2428 Phaedo,
545 2383 571 2434 p.
590 2381 633 2419 100
652 2367 684 2418 D.
710 2366 774 2415 ’Ὅτι
790 2368 831 2415 οὐκ
843 2367 899 2414 allio
919 2384 941 2415 τι
958 2373 1024 2416 nortl
1038 2369 1094 2416 αὐτὸ
1109 2370 1178 2418 καλὸν
1194 2369 1338 2424 ἡὴικιίνιυ
1352 2372 1394 2416 τοῦ
1408 2368 1480 2417 καλοῦ

303 2451 352 2499 altr
376 2450 502 2514 παρουσία,
530 2451 579 2497 tint
602 2449 717 2505 κοινωνία,
742 2445 831 2516 ιίθὸπῃ
850 2447 878 2502 δὴ
897 2449 934 2495 καὶ
955 2448 1018 2503 ὅπως
1039 2452 1209 2512 rtpoaylymoet·
1233 2451 1259 2497 οὐ
1281 2452 1325 2513 γὰρ
1349 2451 1385 2497 ἔτι
1407 2452 1480 2498 τοῦτο

301 2531 484 2591 διισχυρίζομαι.

367 2625 393 2660 2.
412 2608 561 2660 Schneider
581 2609 614 2659 G.
640 2608 694 2667 Dr„
718 2605 800 2657 «Die
820 2605 1051 2673 Weltanschaung
1070 2608 1170 2660 Platos.
1191 2608 1286 2674 Dialog
1305 2608 1433 2660 Phaedon
1454 2628 1478 2669 »‚

303 2705 330 2756 p.
344 2704 386 2755 97.
403 2689 464 2739 Wie
478 2688 567 2739 dieses
581 2687 733 2738 Teilhaben
748 2686 880 2737 zustande
894 2686 1010 2748 kommt,
1028 2689 1141 2740 braucht
1155 2688 1213 2740 hier
1227 2688 1302 2740 nicht
1317 2689 1479 2739 untersucht

302 2784 336 2819 zu
350 2768 470 2828 werden,
485 2768 521 2820 da
537 2767 581 2819 die
602 2766 806 2831 Entscheidung
821 2765 910 2816 dieser
924 2766 1006 2832 Frage
1025 2767 1069 2818 fiir
1086 2767 1130 2819 die
1151 2768 1277 2834 folgende
1302 2769 1480 2833 Eroerterung

303 2863 356 2900 von
370 2863 417 2914 gar
431 2847 538 2899 keinem
554 2847 669 2912 Belange
682 2847 725 2896 ist.
742 2847 778 2896 Es
792 2846 886 2896 wttrde
900 2846 958 2896 also
973 2846 1017 2898 die
1031 2847 1210 2913 Behandlung
1224 2848 1313 2900 dieser
1328 2847 1410 2913 Frage
1423 2847 1477 2898 den

302 2929 381 2994 Gang
394 2929 442 2980 der
457 2929 668 2993 Untersuchung
683 2941 735 2977 nur
749 2930 853 2976 unnutz
868 2926 1076 2978 unterbrechen.

365 3009 388 3060 3.
404 3009 536 3060 Horovitz
549 3009 584 3069 l.‚
599 3009 681 3059 «Das
701 3006 869 3071 platonische
884 3010 971 3062 Νοητὸν
984 3009 1046 3074 Ζῷον
1063 3008 1119 3059 und
1140 3009 1188 3060 der
1202 3009 1373 3075 philonische
1388 3014 1479 3069 κύαμος

301 3096 397 3145 nemos.
418 3090 530 3142 Dissert.
548 3109 562 3136 »
581 3090 719 3152 Marburg
738 3101 805 3152 1900.
822 3087 954 3138 Horovitz
977 3088 1084 3139 videtur
1103 3104 1162 3141 esse
1183 3089 1307 3155 ejusdem
1327 3087 1477 3155 opinionis,

302 3171 428 3235 quamvis
452 3169 486 3221 de
509 3172 558 3221 hac
580 3168 739 3235 quaestione
761 3165 925 3232 profundius
946 3183 1001 3218 non
1019 3168 1082 3234 agit.
1106 3170 1134 3219 P.
1153 3169 1186 3220 33
1211 3169 1293 3221 dicit:
1311 3168 1391 3219 «Die
1409 3171 1480 3219 Aus-

302 3247 456 3315 silhrungen
480 3251 528 3301 des
557 3249 676 3300 Phaedon
701 3247 840 3298 enthalten
864 3247 908 3298 die
932 3248 1068 3300 leitenden
1091 3250 1320 3315 Gesichtspunkte
1344 3249 1401 3299 und
1432 3249 1478 3300 die

302 3328 467 3394 Grundzdge
482 3330 531 3382 der
545 3328 719 3393 Darstellung
733 3327 781 3378 des
793 3327 924 3378 Timaeus.
940 3345 955 3378 »
