3278 5536
584 2629 678 2690 Quid
702 2628 804 2686 Plato
827 2627 999 2698 objecerit
1021 2629 1216 2702 physicis?

391 2807 575 2890 Temporis,
601 2819 637 2870 ut
662 2807 845 2882 innuimus
872 2807 1030 2870 rationem
1057 2807 1222 2884 habentes,
1245 2827 1311 2892 quo
1335 2808 1485 2875 doctrina

313 2913 457 2977 Platonis
476 2914 516 2977 de
534 2934 630 2977 causa
652 2912 743 2975 finali
765 2912 894 2976 evoluta
913 2925 969 2989 est,
993 2914 1170 2995 incipimus
1190 2934 1209 2976 a
1227 2914 1482 2994 «Phaedone»,

311 3021 367 3083 ubi
393 3021 500 3103 primo
521 3020 745 3103 quaestionem
772 3020 880 3101 posuit
903 3018 943 3082 de
963 3038 1060 3082 causa
1079 3021 1296 3102 generationis
1320 3034 1350 3084 et
1375 3041 1485 3087 corru-

310 3129 430 3210 ptionis
454 3129 476 3190 ¹.
499 3126 632 3190 —Hoc
657 3127 690 3188 in
716 3126 799 3189 libro
824 3128 969 3210 sequenti
995 3125 1094 3190 modo
1119 3128 1295 3191 introducit
1316 3128 1482 3195 Socratem

310 3231 496 3314 loquentem
515 3233 526 3268 ²
545 3255 587 3296 ια
606 3232 692 3296 Cum
713 3251 815 3296 essem
836 3233 976 3316 juvenis
999 3233 1081 3294 mira
1100 3234 1242 3316 quadam
1265 3235 1334 3298 eius
1356 3239 1484 3319 sapien-

308 3340 371 3404 tiae
389 3339 563 3422 cupiditate
584 3338 773 3421 flagrabam,
796 3358 896 3422 quam
920 3350 1052 3402 naturae
1070 3353 1189 3402 vocant
1209 3341 1388 3406 historiam.
1411 3345 1484 3426 (Τῆς

308 3454 399 3532 σοφίας
416 3449 451 3527 ἢν
470 3445 503 3527 δὴ
524 3449 635 3508 καλοῦσι
649 3446 708 3530 περὶ
722 3451 824 3531 φύσεως
839 3447 978 3530 ἱστορίαν.)
995 3446 1293 3511 Praeclarissimum
1309 3451 1397 3513 enim
1414 3472 1483 3519 esse

309 3554 392 3617 mihi
411 3553 591 3630 videbatur,
612 3572 726 3616 causas
746 3550 806 3633 (τὰς
825 3553 922 3635 αἰτίας)
943 3552 1129 3635 intelligere,
1151 3574 1206 3637 per
1226 3575 1307 3636 quas
1328 3557 1483 3643 quodque

308 3660 364 3724 fiat
397 3673 493 3743 atque
526 3661 674 3736 intereat,
709 3671 739 3723 et
777 3678 841 3742 qua
876 3661 1007 3723 exsistat
1040 3662 1173 3726 ratione.
1205 3660 1270 3743 (Διὰ
1304 3670 1332 3724 σί
1364 3671 1482 3745 γίγνεται

307 3766 430 3840 ἕκαστον,
452 3767 499 3830 καὶ
518 3765 607 3829 διὰτί
624 3765 784 3839 ἀπόλλυται,
805 3766 850 3828 καὶ
869 3764 911 3827 διὰ
930 3774 958 3829 τί
974 3769 1056 3850 ἔστι.)
1075 3792 1095 3828 »
1116 3804 1157 3814 -
1178 3768 1332 3832 Eiusdem
1355 3771 1483 3853 sapien·

305 3874 368 3938 tiae
391 3874 565 3957 cupiditate
590 3873 731 3957 flagrans
757 3885 787 3935 et
813 3871 915 3949 Plato,
942 3872 1061 3955 dignus
1087 3887 1178 3940 tanto
1206 3877 1358 3959 magistro
1385 3875 1482 3939 disci-

305 3980 414 4063 pulus,
441 3982 591 4046 historice
614 3981 838 4065 quaestionem
863 3979 904 4043 de
926 3982 1033 4044 causis
1056 3984 1199 4064 exponit,
1225 4001 1370 4065 carpens,
1396 4001 1481 4065 quae

307 4089 418 4151 minus
438 4102 520 4152 recta
539 4087 743 4152 videbantur.

370 4390 389 4424 r.
409 4374 527 4434 Phaedo,
550 4389 575 4439 p.
600 4372 633 4440 95
649 4373 678 4423 E.
701 4373 784 4426 ‘'oiue
802 4375 847 4438 γὰρ
866 4371 900 4420 δαί
919 4375 975 4438 περὶ
993 4374 1102 4434 periurus
1119 4373 1158 4423 καί
1173 4375 1260 4439 φθορᾶς
1274 4377 1316 4431 τὴν
1337 4377 1415 4424 cirion
1431 4376 1481 4426 δια·

302 4456 530 4517 πραγματεύσασθαι.

366 4549 392 4585 2.
409 4534 461 4598 ld„
478 4551 505 4602 p.
519 4535 560 4602 96,
575 4538 606 4586 Α.
