3278 5536
812 1576 916 1593 ΜΛΛΛΛΝ

468 1811 638 1869 Deieotu·
657 1810 818 1870 methodi
836 1811 1068 1886 taleoloqloaa
1088 1809 1260 1870 sonantia.

357 1988 515 2066 Socrates,
542 2002 578 2055 ut
600 1989 759 2066 vidimus,
790 1992 892 2055 sumit
910 1989 1089 2056 >utilitatem
1118 2001 1154 2054 ut
1182 2007 1334 2073 normam
1364 1989 1452 2055 iuxta

277 2116 377 2180 quam
402 2097 586 2163 considerat
607 2095 793 2182 teleologice
814 2117 863 2162 res
886 2097 1059 2173 naturales,
1081 2108 1112 2162 et
1131 2096 1240 2182 quoad
1263 2096 1324 2161 hoc
1345 2095 1453 2160 deficit

276 2203 346 2268 eius
368 2203 581 2269 methodus¹.
637 2264 641 2269 ,
1056 2263 1058 2269 ,
1310 2265 1313 2268 ,
1391 2292 1394 2297 1

356 2311 453 2394 Apud
489 2333 577 2390 eum,
615 2314 711 2398 iuxta
737 2314 973 2396 expositionem
1005 2313 1235 2396 Xenophontis
1264 2314 1289 2389 ¹,
1323 2312 1450 2377 bonum

277 2416 399 2501 (ἀγαθόν)
421 2437 488 2482 non
509 2417 617 2510 solum
638 2438 714 2483 cum
734 2417 872 2502 pulchro
891 2419 1012 2504 (καλόν),
1029 2419 1084 2484 sed
1104 2421 1200 2490 etiam
1221 2438 1297 2485 cum
1318 2418 1452 2490 notione

276 2522 365 2589 utilis
387 2539 417 2589 et
441 2524 608 2589 commodi
636 2524 793 2611 (ὠφέλιμον,
820 2528 964 2611 χρήσιμον)
990 2526 1146 2590 coincidit
1169 2551 1176 2592 :
1202 2524 1327 2590 exalia
1350 2538 1455 2608 parte,

277 2635 302 2696 si
345 2633 590 2697 consideremus
628 2634 792 2698 auditores
830 2634 987 2710 Socratis,
1024 2637 1080 2718 qui
1122 2635 1297 2698 sumebant
1337 2635 1451 2697 omnia

277 2740 464 2823 subjective,
492 2740 585 2805 facile
607 2741 746 2818 videtur,
770 2754 806 2805 ut
832 2742 910 2805 dicit
936 2743 1032 2806 Otten
1060 2745 1084 2818 ³,
1112 2761 1170 2806 cur
1194 2761 1233 2806 ex
1259 2741 1394 2806 utilibus
1422 2753 1452 2804 et

277 2849 465 2912 necessariis
504 2848 704 2913 demonstret
742 2850 946 2914 existentiam
983 2851 1060 2926 Dei,
1092 2848 1213 2914 scilicet
1247 2860 1283 2912 ut
1317 2849 1453 2915 evitetur

277 2954 541 3019 subiectivismus
563 2955 793 3038 sophistarum.

357 3061 502 3126 Socrates
517 3062 599 3127 fines
614 3083 733 3141 rerum,
749 3065 818 3147 qui,
831 3065 919 3133 iuxta
929 3052 1146 3142 Aristotelem,
1159 3065 1343 3136 consistunt
1358 3064 1392 3127 in
1406 3065 1449 3127 rei

344 3365 366 3401 r.
386 3351 425 3400 En
440 3349 571 3416 regulam,
587 3364 650 3415 qua,
667 3349 741 3401 iuxta
756 3349 784 3402 S.
797 3350 944 3412 Thomam,
960 3350 987 3401 in
1006 3350 1126 3402 bonitate
1146 3366 1237 3402 rerum
1253 3349 1450 3403 consideranda

277 3427 435 3496 dirigamur,
452 3440 483 3480 ut
501 3440 604 3480 rectum
622 3428 802 3481 inveniamus.
819 3429 932 3481 Summa
946 3429 1043 3481 Theol.
1062 3430 1126 3481 Pars
1142 3431 1161 3491 l,
1177 3439 1281 3496 quaest.
1298 3445 1350 3490 ux,
1365 3440 1415 3481 art.
1435 3430 1448 3480 3

275 3509 314 3572 (in
328 3513 415 3575 corp.)
429 3527 436 3559 ι
451 3525 466 3558 a
481 3509 614 3560 Iudicium
636 3519 727 3561 autem
742 3510 775 3561 de
795 3510 916 3561 bonitate
937 3509 1052 3561 alicuius
1071 3511 1108 3561 rei
1128 3526 1180 3561 non
1200 3521 1241 3562 est
1261 3509 1449 3576 accipiendum

276 3589 426 3640 secundum
454 3589 578 3641 ordinem
607 3589 640 3640 ad
668 3590 772 3655 aliquid
801 3590 977 3656 particulare,
1005 3591 1052 3641 sed
1083 3591 1234 3642 secundum
1263 3591 1397 3656 seipsum,
1424 3600 1451 3641 et

276 3669 427 3720 secundum
442 3670 567 3721 ordinem
582 3670 616 3722 ad
636 3680 724 3721 totum
741 3670 909 3731 universum,
928 3671 955 3722 in
970 3686 1027 3737 quo
1041 3671 1180 3736 quaelibet
1199 3685 1240 3722 res
1261 3685 1341 3722 suum
1359 3670 1449 3722 locum

276 3748 477 3802 ordinatissime
493 3760 574 3801 tenet.
589 3767 605 3799 »

339 3845 362 3880 2.
381 3831 401 3890 1,
416 3845 439 3882 c.
455 3847 490 3891 rv,
506 3847 531 3882 v.
544 3845 568 3896 4,
584 3832 607 3891 5,
622 3831 647 3890 6,
665 3832 771 3894 1331V,
787 3848 825 3891 111,
843 3847 868 3881 v.
884 3847 908 3897 7,
927 3847 963 3891 rr,
983 3831 1018 3883 13.

339 3910 362 3961 3.
382 3927 398 3959 c
415 3911 522 3963 Einleit.
538 3912 565 3961 in
578 3911 605 3962 d.
622 3911 719 3963 Gesch.
738 3911 765 3962 d.
780 3911 849 3962 Phil.
866 3929 890 3973 »,
907 3927 932 3978 p.
950 3912 1001 3963 188.
1019 3912 1098 3964 Seine
1112 3912 1243 3964 Zuhoerer
1259 3926 1350 3963 waren
1363 3912 1450 3964 durch

277 3989 321 4041 die
343 3990 490 4056 Sophisten
509 3991 745 4058 gewissermassen
766 3993 851 4044 sehon
869 3992 1019 4044 verwoehnt
1039 3992 1160 4053 worden,
1181 3991 1246 4044 alles
1268 4007 1331 4044 vom
1355 3992 1451 4044 Stand-

279 4071 382 4135 punkte
397 4071 449 4130 des,
461 4072 506 4124 Ich
520 4088 554 4123 zu
570 4072 735 4124 betrachten.
753 4073 827 4124 Nach
843 4073 905 4123 dem
923 4074 1028 4123 Nutzen
1051 4073 1107 4124 und
1126 4072 1249 4124 Vortheil
1266 4073 1315 4124 des
1336 4072 1449 4139 eigenen

278 4150 424 4216 Subjektes
438 4154 532 4205 wurde
547 4154 592 4205 die
607 4153 824 4219 Beschaeitigung
836 4154 963 4220 geregelt,
976 4153 1024 4204 der
1038 4153 1212 4220 Gegenstand
1231 4154 1280 4205 der
1292 4152 1451 4220 Forschung

277 4232 461 4296 ausgewaehlt,
476 4233 520 4284 die
530 4232 718 4299 Ausdehnung
737 4233 785 4283 der
801 4233 1080 4285 wissenschaftlichen
1093 4234 1256 4300 Thaetigkeit
1269 4248 1356 4301 genau
1370 4234 1450 4285 besti-

279 4320 355 4362 mmt.
376 4311 465 4364 Daher
483 4314 625 4365 verstehen
646 4313 696 4364 wir
716 4328 745 4365 es
767 4314 843 4367 recht
863 4324 920 4379 gut,
938 4329 1018 4367 wenn
1038 4314 1180 4374 Sokrates,
1200 4314 1289 4364 zumal
1311 4314 1351 4365 als
1372 4315 1451 4379 prak·

277 4391 379 4443 tischer
398 4393 491 4456 Manu,
511 4393 554 4446 die
575 4392 838 4459 Zweckmaessigkeit
858 4395 905 4447 des
922 4396 980 4448 Alls
998 4410 1041 4447 aru
1057 4397 1163 4447 Nutzen
1178 4395 1226 4446 des
1247 4395 1394 4447 Menschen
1415 4411 1450 4447 zu

279 4485 384 4523 messen
400 4472 493 4541 pilegt.
