3278 5536
705 608 925 672 -138-

230 768 392 833 Praeterea
413 770 559 833 Socrates
579 789 617 833 ac
639 769 730 833 Plato
754 769 787 832 id
812 789 942 852 quoque
963 787 1142 832 commune
1163 768 1295 845 habent,
1312 770 1401 852 quod

229 895 361 939 causam
377 875 569 939 efficientem
590 896 608 939 a
628 874 718 939 finali
740 877 782 939 ita
803 877 919 952 stricte,
937 888 973 939 ut
990 887 1100 958 postea
1118 875 1315 952 Aristoteles,
1334 895 1401 939 non

229 983 457 1047 distinxerunt.
481 983 579 1064 Quod
605 1002 680 1046 vero
705 984 933 1065 Anaxagoram
960 994 1089 1064 spectat,
1117 979 1170 1045 ille
1195 983 1336 1045 omnino
1362 1002 1403 1046 ne

229 1091 330 1173 tetigit
355 1090 488 1172 quidem
516 1089 601 1152 hanc
630 1108 709 1153 rem.
733 1126 773 1137 -
794 1087 982 1153 Aristoteles
1009 1088 1142 1152 tandem
1174 1089 1208 1152 in
1236 1089 1403 1152 tractanda

230 1199 419 1280 quaestione
434 1197 474 1261 de
488 1197 554 1260 line
570 1196 633 1260 alia
652 1199 777 1260 ratione
791 1196 944 1279 procedit.
962 1196 1037 1259 Non
1058 1196 1293 1280 imaginatione
1312 1197 1402 1260 enim

231 1306 265 1366 in
287 1305 453 1387 quendam
479 1316 598 1368 statum
618 1304 804 1368 chaoticum
826 1323 858 1367 se
879 1303 1040 1379 transfert,
1059 1314 1095 1366 ut
1113 1301 1263 1365 ordinem
1284 1301 1402 1365 mundi

230 1410 375 1493 explicet,
401 1411 456 1475 sed
481 1430 588 1474 rerum
615 1431 683 1475 esse
708 1424 738 1475 et
764 1401 831 1474 fieri
858 1411 1042 1474 considerat
1067 1422 1164 1492 prout
1188 1428 1277 1472 nunc
1306 1421 1402 1483 sunt;

231 1530 326 1601 atque
342 1520 407 1582 iam
423 1521 563 1602 praecise
577 1537 709 1582 causam
729 1518 922 1584 efficientem
943 1539 961 1582 a
981 1516 1072 1582 finali
1093 1516 1274 1600 distinguit.
1291 1516 1404 1598 Neque

231 1623 381 1709 analogia
411 1626 452 1689 ab
486 1624 756 1689 homine-artifice
788 1637 918 1708 sumpta
950 1625 1005 1688 sed
1039 1622 1266 1706 investigando
1295 1642 1402 1686 rerum

233 1744 382 1795 naturam
397 1731 502 1796 altiori
519 1732 619 1795 modo
634 1732 837 1795 existentiam
852 1750 968 1796 causae
983 1730 1092 1795 finalis
1107 1731 1232 1814 tangit:
1249 1733 1352 1811 μᾶλλον
1367 1733 1404 1806 δ’,

232 1838 340 1920 inquit
360 1840 383 1913 ¹,
405 1839 459 1900 lael
480 1840 511 1900 τὸ
536 1840 566 1900 οὗ
592 1837 669 1900 ἕνεκα
688 1837 733 1899 καὶ
754 1839 785 1899 τὸ
807 1840 889 1899 καλὸν
910 1840 937 1899 ἐν
959 1848 1015 1905 τοῖς
1039 1846 1090 1915 τῆς
1112 1841 1214 1922 φύσεως
1231 1837 1316 1920 ’ἔργοις
1337 1834 1357 1915 ἢ
1377 1837 1404 1897 ἐν

231 1955 287 2013 τοῖς
304 1954 354 2023 τῆς
372 1951 480 2030 τέχνης.

312 2051 397 2116 Cum
422 2072 498 2116 vero
521 2053 718 2129 Aristoteles,
741 2065 777 2116 ut
799 2072 913 2116 verum
938 2050 1174 2134 philosophum
1204 2051 1305 2126 decet,
1332 2050 1405 2114 dili-

231 2171 341 2242 genter
372 2159 456 2223 dicta
484 2161 696 2243 antiquorum
726 2161 900 2244 inquireret
928 2172 968 2235 et,
998 2178 1082 2242 quae
1110 2177 1184 2221 vera
1211 2159 1401 2234 invenisset,

232 2278 383 2342 sumeret,
415 2286 585 2330 censemus
619 2267 696 2343 fore,
729 2280 765 2331 ut
792 2279 907 2330 nostra
939 2265 1119 2330 dissertatio
1154 2264 1196 2328 ad
1233 2265 1402 2328 notionem

232 2390 347 2436 causae
374 2372 483 2435 finalis
510 2373 597 2454 apud
630 2375 738 2456 ipsum
765 2373 969 2437 Aristotelem
1000 2371 1246 2456 intelligendam
1275 2372 1400 2457 aliquid

233 2477 387 2542 conferat.

299 2724 318 2759 r.
337 2708 345 2759 l
361 2710 399 2760 De
414 2719 482 2775 part.
497 2709 590 2772 anim„
606 2725 624 2770 1,
641 2725 667 2775 p.
684 2724 738 2775 219,
754 2725 780 2760 v.
801 2709 837 2760 18.
