3278 5542
727 604 927 668 ,7,-

243 753 403 826 idearum,
431 749 523 832 quasi
550 767 603 812 eas
629 767 667 811 ex
694 747 800 811 nihilo
823 758 969 821 creasset,
997 764 1073 807 cum
1102 741 1193 806 Plato
1218 745 1414 808 creationem

243 861 370 945 proprie
398 857 518 921 dictam
549 856 673 939 ignoret
700 866 731 918 et
758 854 958 937 comparatio
991 851 1187 916 causalitatis
1215 851 1305 914 ideae
1335 850 1414 914 boni

242 987 318 1031 cum
354 963 540 1028 causalitate
572 960 661 1038 solis
691 960 877 1025 absolutam
911 959 1131 1024 causalitatem
1164 957 1323 1023 excludat.
1358 956 1414 1021 Sol

241 1075 344 1148 enim,
372 1071 429 1134 etsi
457 1080 567 1132 causet
593 1069 845 1152 generationem,
874 1068 1030 1150 supponit
1055 1079 1166 1131 tamen
1195 1087 1243 1144 ea,
1272 1088 1413 1152 quorum

240 1178 482 1262 generationem
500 1175 696 1250 introducit;
713 1176 755 1238 ita
770 1174 982 1257 cogitandum
1001 1186 1047 1238 est
1061 1175 1158 1238 etiam
1175 1174 1215 1239 de
1234 1175 1305 1240 idea
1322 1176 1412 1240 boni.

322 1282 459 1347 Videtur
488 1282 585 1346 nobis
612 1282 789 1346 dicendum
823 1301 902 1357 esse,
933 1280 1039 1345 ideam
1075 1281 1153 1345 boni
1185 1301 1252 1345 esse
1280 1303 1412 1347 causam

242 1389 414 1454 formalem
431 1402 607 1453 ceterarum
629 1389 775 1453 idearum
791 1399 821 1452 et
834 1410 854 1448 «
867 1390 898 1450 τθ
913 1384 978 1450 εἶναι
994 1400 1024 1451 et
1043 1389 1179 1463 οὐσίαν»,
1197 1391 1283 1452 sumi
1300 1390 1415 1454 debere

241 1496 532 1579 «praedicative»
552 1497 594 1559 ita
619 1509 654 1559 ut
673 1494 813 1578 reliquae
835 1495 925 1559 ideae
945 1493 1030 1561 tales,
1047 1493 1159 1577 quales
1183 1508 1270 1571 sunt,
1293 1483 1358 1560 sint
1381 1499 1414 1560 vi

240 1602 331 1666 ideae
346 1602 436 1665 boni.
451 1602 524 1666 ldea
539 1602 617 1665 boni
634 1614 680 1665 est
694 1602 791 1665 etiam
806 1621 904 1664 causa
919 1600 1075 1677 efficiens,
1089 1602 1122 1663 in
1138 1613 1299 1684 quantum
1315 1603 1414 1667 verbo

238 1731 257 1769 «
271 1721 440 1794 προσεῖναι»
455 1711 524 1772 eius
538 1708 712 1773 efficientia
727 1707 822 1772 relate
837 1708 877 1771 ad
895 1721 1013 1772 ceteras
1029 1708 1116 1771 ideas
1131 1709 1331 1791 exprimitur.

320 1817 367 1878 Ex
389 1815 453 1879 alio
474 1816 545 1880 loco
565 1839 584 1876 «
605 1815 853 1899 Reipublicae»
874 1818 883 1851 ¹
905 1827 1009 1898 potest
1029 1814 1182 1879 concludi
1204 1814 1310 1878 ideam
1333 1816 1411 1880 boni

239 1943 308 1988 esse
330 1925 427 1987 etiam
448 1943 580 1986 causam
603 1923 735 1987 finalem
762 1922 901 1986 aliarum
927 1923 1086 1996 idearum,
1107 1924 1158 1986 cui
1181 1934 1301 1986 ceterae
1323 1923 1413 1987 ideae

236 2044 394 2114 tanquam
418 2033 577 2114 principio
597 2032 741 2094 universi
762 2032 821 2111 (τοῦ
843 2032 941 2100 παντὸς
963 2028 1049 2114 ἀρχή)
1070 2029 1247 2093 adhaerent
1268 2043 1297 2094 et
1318 2032 1412 2093 cuius

237 2139 337 2221 gratia
357 2150 443 2200 sunt.
460 2173 501 2183 —
524 2137 597 2201 ldea
620 2138 716 2220 igitur
736 2138 815 2201 boni
837 2150 884 2202 est
900 2137 974 2222 ἀρχή
996 2139 1030 2200 in
1053 2158 1151 2201 sensu
1174 2138 1247 2213 hoc,
1269 2139 1346 2220 quia
1366 2150 1412 2201 est

237 2264 370 2307 summa
392 2245 544 2308 omnium
566 2264 663 2307 causa
684 2256 714 2307 et
735 2248 847 2325 τελευτή
873 2256 908 2307 ut
931 2243 1068 2307 ultimus
1092 2244 1168 2307 finis
1193 2245 1287 2308 cuius
1311 2245 1410 2326 gratia

236 2363 313 2414 sunt
334 2352 449 2414 omnia
471 2364 501 2415 et
522 2363 557 2415 ut
578 2350 715 2415 ultimus
735 2351 895 2414 terminus
917 2369 1012 2433 supra
1037 2370 1134 2433 quem
1158 2351 1238 2414 ratio
1263 2350 1409 2414 humana

237 2479 305 2522 non
329 2458 484 2522 ascendit.

577 2707 629 2764 De
648 2705 864 2764 causalitate
887 2706 1063 2764 idearum.

315 2886 349 2949 Si
377 2885 448 2949 idea
476 2884 555 2947 boni
580 2896 627 2947 est
649 2884 802 2946 omnium
829 2902 904 2947 vera
927 2887 1010 2955 αἰτία,
1037 2887 1192 2968 sequitur,
1219 2899 1254 2949 ut
1288 2899 1407 2950 ceterae

235 2993 325 3057 ideae
354 3012 422 3055 non
451 2993 516 3055 sint
545 2992 607 3054 nisi
637 2991 846 3054 secundariae
878 3011 1013 3066 causae;
1044 2992 1097 3056 sed
1131 2993 1299 3076 quomodo
1332 3014 1407 3058 cau·

235 3100 392 3163 salitatem
417 3110 583 3162 exerceant
607 3100 639 3160 in
663 3097 754 3160 libris
776 3096 816 3160 de
834 3098 1045 3180 «Republica
1064 3122 1083 3159 ν
1101 3100 1314 3163 tractantibus
1336 3121 1403 3164 non

234 3208 478 3272 determinatur.

299 3455 319 3489 r.
337 3439 430 3503 Resp,
446 3438 491 3499 Vl,
511 3453 537 3503 p.
558 3437 600 3488 511
619 3438 648 3487 B.
669 3436 698 3486 ln
720 3437 772 3487 hoc
791 3447 865 3488 textu
885 3440 973 3503 agitur
988 3438 1022 3490 de
1041 3441 1124 3490 modo
1142 3440 1297 3491 inveniendi
1317 3440 1403 3492 ideam

234 3519 308 3579 boni.
324 3515 355 3564 'rb
369 3513 444 3564 τοίνυν
462 3515 536 3581 ἕτερον
553 3509 655 3579 μναθάνε
672 3514 759 3580 τμῆμα
771 3517 813 3563 τοῦ
831 3517 912 3565 νοητοῦ
929 3511 1027 3582 λίγυντοὶ
1047 3532 1076 3582 με
1090 3519 1169 3574 τοῦτο,
1182 3507 1208 3565 οὗ
1226 3516 1295 3574 αὐτὸς
1309 3516 1320 3566 ὁ
1336 3516 1404 3586 λόγος

232 3594 336 3646 ἅπτεται
344 3597 374 3658 τῇ
386 3598 427 3643 τοῦ
435 3584 585 3662 διαλέγεσθαι
595 3585 702 3661 δυνάμει,
716 3589 759 3648 τὰς
767 3591 882 3650 ὑποθέσεις
895 3590 1019 3662 (ὑπόθεσις,
1028 3599 1101 3650 iuxta
1113 3601 1284 3650 Phaedonem
1295 3602 1351 3662 (roo
1361 3601 1403 3662 B),

232 3677 357 3730 consistit
371 3676 398 3728 in
418 3677 617 3743 suppositione,
633 3676 707 3742 quod
728 3690 769 3727 est
783 3677 886 3742 aliquid
910 3676 1064 3743 pulchrum,
1081 3695 1219 3745 magnum,
1235 3694 1282 3745 per
1301 3695 1338 3740 se,
1355 3695 1403 3730 seu

233 3759 329 3819 ideae.)
348 3753 480 3821 πονούμενος
496 3754 537 3803 οὐκ
559 3751 642 3819 ἀρχάς,
661 3758 727 3820 (non
746 3758 831 3809 sumit
850 3759 923 3809 ideas
945 3769 976 3808 ut
995 3759 1126 3825 principia
1146 3774 1193 3810 seu
1212 3775 1316 3819 causas,
1339 3761 1403 3825 quia

231 3854 286 3890 una
300 3848 342 3889 est
357 3837 440 3888 totius
456 3848 566 3889 naturae
581 3831 652 3900 ἀρχή,
666 3847 697 3888 ut
712 3838 793 3903 paulo
809 3839 946 3904 posterius
962 3839 1075 3905 patebit)
1096 3833 1157 3884 ἀλλὰ
1170 3839 1204 3903 τῷ
1218 3834 1265 3885 ὄντι
1278 3836 1403 3896 ὑποθέσεις,

231 3902 277 3963 οἷον
291 3910 410 3975 imiliter<
422 3929 448 3962 τι
460 3908 500 3960 καὶ
513 3909 595 3979 ὁρμάς,
620 3916 788 3982 (designatur
801 3918 852 3977 via,
875 3932 929 3982 qua
948 3932 981 3967 ex
1002 3918 1218 3969 consideratione
1235 3919 1356 3968 idearum
1372 3930 1403 3969 ut

232 3997 395 4057 mediorum,
412 4011 500 4062 usque
515 3996 547 4046 ad
564 3995 651 4046 ideam
668 3996 733 4046 boni
751 3998 934 4062 perveniatur)
949 3991 986 4042 ἵνα
1006 3993 1073 4060 μέχρι
1091 3997 1132 4044 τοῦ
1147 3992 1283 4043 ἀνυποθέτου
1303 3991 1341 4043 ἐπὶ
1360 3994 1402 4048 τὴν

230 4077 270 4124 τοῦ
284 4073 370 4129 παντὸς
383 4070 456 4140 ἀρχὴν
469 4069 518 4132 ἰών,
533 4078 631 4142 (usque
653 4077 685 4126 ad
707 4076 795 4128 ideam
816 4077 880 4129 boni
901 4078 976 4143 prius
997 4093 1051 4128 non
1065 4079 1217 4129 admissam
1234 4079 1354 4129 ascendit
1369 4094 1402 4130 ex

231 4157 449 4209 consideratione
468 4157 581 4207 aliarum
606 4156 737 4207 idearum.
753 4159 873 4209 Verbum
900 4152 961 4221 ἀρχή
987 4159 1108 4210 ostendit
1132 4159 1218 4209 ideam
1252 4159 1316 4210 boni
1342 4175 1401 4211 esse

232 4253 367 4291 summam
380 4253 489 4288 causam
505 4238 589 4289 totius
605 4240 736 4301 naturae.)
751 4230 866 4301 ἅψὶμιννς
881 4243 928 4302 (sc.
944 4239 1013 4290 ratio
1029 4244 1172 4304 quaerens)
1187 4236 1271 4296 αὐτῆς,
1285 4235 1357 4284 πάλιν
1371 4230 1400 4286 αὖ

230 4314 335 4380 ἐχόμενος
348 4317 393 4362 τῶν
407 4311 491 4370 latim:
504 4313 624 4382 ἐχομένων·
635 4313 707 4369 οὕτως
720 4311 876 4368 inbratteatis
890 4313 1023 4381 καταβαίνῃ
1039 4313 1143 4383 αἰσθητῷ
1156 4313 1311 4383 1τταιντοίττασιν
1325 4309 1401 4366 οὐθενὶ

232 4394 417 4466 προσχρώμενος,
432 4387 569 4444 ἀλλἐἴδεσιν
583 4391 662 4450 αὐτοῖς
674 4388 776 4444 δἀὺτὼν
791 4393 821 4451 εἰς
834 4395 908 4450 αὐτοὶ,
924 4393 963 4443 καὶ
980 4395 1077 4462 τελευτᾷ
1091 4387 1122 4452 εἰς
1135 4387 1196 4449 εἴδη.
1230 4393 1233 4401 ’
