<?xml version="1.0" encoding="UTF-8"?>
<!DOCTYPE html PUBLIC "-//W3C//DTD XHTML 1.0 Transitional//EN"
    "http://www.w3.org/TR/xhtml1/DTD/xhtml1-transitional.dtd">
<html xmlns="http://www.w3.org/1999/xhtml" xml:lang="en" lang="en">
 <head>
  <title>
</title>
<meta http-equiv="Content-Type" content="text/html;charset=utf-8" />
  <meta name='ocr-system' content='tesseract 3.04.00' />
  <meta name='ocr-capabilities' content='ocr_page ocr_carea ocr_par ocr_line ocrx_word'/>
</head>
<body>
  <div class='ocr_page' id='page_1' title='image "./decausafinaliap00naujgoog_0075.png"; bbox 0 0 3278 5536; ppageno 0'>
   <div class='ocr_carea' id='block_1_1' title="bbox 831 1594 936 1610">
    <p class='ocr_par' dir='ltr' id='par_1_1' title="bbox 831 1594 936 1610">
     <span class='ocr_line' id='line_1_1' title="bbox 831 1594 936 1610; baseline 0 0"><span class='ocrx_word' id='word_1_1' title='bbox 831 1594 936 1610; x_wconf 61' lang='lat' dir='ltr'>m</span> 
     </span>
    </p>
   </div>
   <div class='ocr_carea' id='block_1_2' title="bbox 329 1829 1444 1937">
    <p class='ocr_par' dir='ltr' id='par_1_2' title="bbox 329 1829 1444 1937">
     <span class='ocr_line' id='line_1_2' title="bbox 329 1829 1444 1937; baseline -0.004 -21"><span class='ocrx_word' id='word_1_2' title='bbox 329 1858 457 1937; x_wconf 66' lang='grc' dir='ltr'>Δεύτερος</span> <span class='ocrx_word' id='word_1_3' title='bbox 476 1855 558 1920; x_wconf 71' lang='grc' dir='ltr'>πλαττ</span> <span class='ocrx_word' id='word_1_4' title='bbox 588 1837 748 1914; x_wconf 87' lang='lat' dir='ltr'>Platonis</span> <span class='ocrx_word' id='word_1_5' title='bbox 776 1837 821 1912; x_wconf 80' lang='lat' dir='ltr'>ad</span> <span class='ocrx_word' id='word_1_6' title='bbox 850 1829 1121 1931; x_wconf 80' lang='lat' dir='ltr'>invesllg&#39;andas</span> <span class='ocrx_word' id='word_1_7' title='bbox 1150 1854 1269 1911; x_wconf 86' lang='lat' dir='ltr'>rerum</span> <span class='ocrx_word' id='word_1_8' title='bbox 1299 1856 1444 1912; x_wconf 82' lang='lat' dir='ltr'>causas.</span> 
     </span>
    </p>
   </div>
   <div class='ocr_carea' id='block_1_3' title="bbox 804 2044 966 2057">
    <p class='ocr_par' dir='ltr' id='par_1_3' title="bbox 804 2044 966 2057">
     <span class='ocr_line' id='line_1_3' title="bbox 804 2044 966 2057; baseline -0.006 0"><span class='ocrx_word' id='word_1_9' title='bbox 804 2044 966 2057; x_wconf 41' lang='grc' dir='ltr'><strong><em>ἠ</em></strong></span> 
     </span>
    </p>
   </div>
   <div class='ocr_carea' id='block_1_4' title="bbox 297 2224 1475 4237">
    <p class='ocr_par' dir='ltr' id='par_1_4' title="bbox 297 2224 1475 3166">
     <span class='ocr_line' id='line_1_4' title="bbox 382 2224 1472 2308; baseline -0.004 -18"><span class='ocrx_word' id='word_1_10' title='bbox 382 2226 483 2302; x_wconf 86' lang='lat' dir='ltr'>Plato,</span> <span class='ocrx_word' id='word_1_11' title='bbox 501 2246 576 2289; x_wconf 93' lang='lat' dir='ltr'>cum</span> <span class='ocrx_word' id='word_1_12' title='bbox 600 2246 668 2289; x_wconf 94' lang='lat' dir='ltr'>non</span> <span class='ocrx_word' id='word_1_13' title='bbox 692 2227 851 2289; x_wconf 90' lang='lat' dir='ltr'>inveniret</span> <span class='ocrx_word' id='word_1_14' title='bbox 873 2226 906 2286; x_wconf 93' lang='lat' dir='ltr'>in</span> <span class='ocrx_word' id='word_1_15' title='bbox 930 2224 1013 2288; x_wconf 94' lang='lat' dir='ltr'>libro</span> <span class='ocrx_word' id='word_1_16' title='bbox 1034 2227 1245 2308; x_wconf 81' lang='lat' dir='ltr'>Anaxagorae</span> <span class='ocrx_word' id='word_1_17' title='bbox 1265 2224 1420 2308; x_wconf 85' lang='lat' dir='ltr'>explicata</span> <span class='ocrx_word' id='word_1_18' title='bbox 1441 2227 1472 2286; x_wconf 75' lang='lat' dir='ltr'>el</span> 
     </span>
     <span class='ocr_line' id='line_1_5' title="bbox 300 2330 1473 2418; baseline -0.001 -22"><span class='ocrx_word' id='word_1_19' title='bbox 300 2337 438 2418; x_wconf 63' lang='grc' dir='ltr'>βέλτιστον</span> <span class='ocrx_word' id='word_1_20' title='bbox 471 2333 516 2395; x_wconf 84' lang='grc' dir='ltr'>καὶ</span> <span class='ocrx_word' id='word_1_21' title='bbox 546 2335 577 2395; x_wconf 79' lang='grc' dir='ltr'>τὸ</span> <span class='ocrx_word' id='word_1_22' title='bbox 610 2334 715 2417; x_wconf 80' lang='grc' dir='ltr'>ἄριστον</span> <span class='ocrx_word' id='word_1_23' title='bbox 749 2352 805 2396; x_wconf 93' lang='lat' dir='ltr'>seu</span> <span class='ocrx_word' id='word_1_24' title='bbox 838 2331 920 2395; x_wconf 86' lang='lat' dir='ltr'>fines</span> <span class='ocrx_word' id='word_1_25' title='bbox 949 2351 1073 2408; x_wconf 88' lang='lat' dir='ltr'>rerum,</span> <span class='ocrx_word' id='word_1_26' title='bbox 1102 2330 1192 2395; x_wconf 89' lang='lat' dir='ltr'>aliud</span> <span class='ocrx_word' id='word_1_27' title='bbox 1220 2351 1322 2416; x_wconf 89' lang='lat' dir='ltr'>genus</span> <span class='ocrx_word' id='word_1_28' title='bbox 1356 2351 1473 2395; x_wconf 89' lang='lat' dir='ltr'>causae</span> 
     </span>
     <span class='ocr_line' id='line_1_6' title="bbox 301 2435 1474 2523; baseline 0.001 -20"><span class='ocrx_word' id='word_1_29' title='bbox 301 2442 401 2523; x_wconf 80' lang='grc' dir='ltr'>(αἰτίας</span> <span class='ocrx_word' id='word_1_30' title='bbox 431 2442 496 2502; x_wconf 81' lang='grc' dir='ltr'>ἄλλα</span> <span class='ocrx_word' id='word_1_31' title='bbox 527 2435 605 2514; x_wconf 78' lang='grc' dir='ltr'>εἶδος,</span> <span class='ocrx_word' id='word_1_32' title='bbox 636 2439 674 2522; x_wconf 85' lang='lat'>98</span> <span class='ocrx_word' id='word_1_33' title='bbox 697 2439 738 2520; x_wconf 84' lang='lat' dir='ltr'>A)</span> <span class='ocrx_word' id='word_1_34' title='bbox 770 2440 904 2520; x_wconf 91' lang='lat' dir='ltr'>quaerit.</span> <span class='ocrx_word' id='word_1_35' title='bbox 936 2475 976 2485; x_wconf 96' lang='lat'>-</span> <span class='ocrx_word' id='word_1_36' title='bbox 1008 2438 1237 2522; x_wconf 90' lang='lat' dir='ltr'>Investigando</span> <span class='ocrx_word' id='word_1_37' title='bbox 1269 2440 1367 2503; x_wconf 92' lang='lat' dir='ltr'>aliam</span> <span class='ocrx_word' id='word_1_38' title='bbox 1404 2460 1474 2523; x_wconf 91' lang='lat' dir='ltr'>spe·</span> 
     </span>
     <span class='ocr_line' id='line_1_7' title="bbox 298 2545 1471 2623; baseline -0.002 -11"><span class='ocrx_word' id='word_1_39' title='bbox 298 2550 382 2612; x_wconf 91' lang='lat' dir='ltr'>ciem</span> <span class='ocrx_word' id='word_1_40' title='bbox 411 2566 538 2623; x_wconf 90' lang='lat' dir='ltr'>causae,</span> <span class='ocrx_word' id='word_1_41' title='bbox 567 2545 860 2610; x_wconf 88' lang='lat' dir='ltr'>considerationem</span> <span class='ocrx_word' id='word_1_42' title='bbox 895 2564 1000 2609; x_wconf 89' lang='lat' dir='ltr'>rerum</span> <span class='ocrx_word' id='word_1_43' title='bbox 1034 2545 1240 2609; x_wconf 91' lang='lat' dir='ltr'>sensibilium</span> <span class='ocrx_word' id='word_1_44' title='bbox 1274 2561 1305 2612; x_wconf 91' lang='lat' dir='ltr'>et</span> <span class='ocrx_word' id='word_1_45' title='bbox 1336 2562 1471 2613; x_wconf 91' lang='lat' dir='ltr'>omnem</span> 
     </span>
     <span class='ocr_line' id='line_1_8' title="bbox 298 2651 1470 2738; baseline 0.001 -20"><span class='ocrx_word' id='word_1_46' title='bbox 298 2653 496 2738; x_wconf 91' lang='lat' dir='ltr'>physicalem</span> <span class='ocrx_word' id='word_1_47' title='bbox 524 2651 771 2736; x_wconf 85' lang='lat' dir='ltr'>explicationem</span> <span class='ocrx_word' id='word_1_48' title='bbox 797 2653 1015 2736; x_wconf 86' lang='lat' dir='ltr'>generationis</span> <span class='ocrx_word' id='word_1_49' title='bbox 1040 2671 1147 2716; x_wconf 89' lang='lat' dir='ltr'>rerum</span> <span class='ocrx_word' id='word_1_50' title='bbox 1174 2655 1315 2718; x_wconf 91' lang='lat' dir='ltr'>omnino</span> <span class='ocrx_word' id='word_1_51' title='bbox 1339 2655 1470 2719; x_wconf 91' lang='lat' dir='ltr'>omittit.</span> 
     </span>
     <span class='ocr_line' id='line_1_9' title="bbox 300 2759 1473 2846; baseline 0 -20"><span class='ocrx_word' id='word_1_52' title='bbox 300 2762 390 2826; x_wconf 92' lang='lat' dir='ltr'>Sicut</span> <span class='ocrx_word' id='word_1_53' title='bbox 413 2763 515 2838; x_wconf 91' lang='lat' dir='ltr'>enim,</span> <span class='ocrx_word' id='word_1_54' title='bbox 538 2763 583 2824; x_wconf 92' lang='lat' dir='ltr'>ait</span> <span class='ocrx_word' id='word_1_55' title='bbox 607 2760 709 2836; x_wconf 86' lang='lat' dir='ltr'>Plato,</span> <span class='ocrx_word' id='word_1_56' title='bbox 732 2759 847 2824; x_wconf 93' lang='lat' dir='ltr'>oculus</span> <span class='ocrx_word' id='word_1_57' title='bbox 869 2760 986 2824; x_wconf 89' lang='lat' dir='ltr'>directe</span> <span class='ocrx_word' id='word_1_58' title='bbox 1010 2761 1142 2824; x_wconf 88' lang='lat' dir='ltr'>intuens</span> <span class='ocrx_word' id='word_1_59' title='bbox 1166 2761 1268 2825; x_wconf 94' lang='lat' dir='ltr'>solem</span> <span class='ocrx_word' id='word_1_60' title='bbox 1292 2761 1473 2846; x_wconf 89' lang='lat' dir='ltr'>aliquando</span> 
     </span>
     <span class='ocr_line' id='line_1_10' title="bbox 299 2866 1473 2952; baseline 0.001 -20"><span class='ocrx_word' id='word_1_61' title='bbox 299 2869 500 2944; x_wconf 88' lang='lat' dir='ltr'>obcaecatur,</span> <span class='ocrx_word' id='word_1_62' title='bbox 527 2869 584 2944; x_wconf 90' lang='lat' dir='ltr'>sic,</span> <span class='ocrx_word' id='word_1_63' title='bbox 610 2886 651 2931; x_wconf 91' lang='lat' dir='ltr'>ne</span> <span class='ocrx_word' id='word_1_64' title='bbox 676 2867 809 2929; x_wconf 91' lang='lat' dir='ltr'>animus</span> <span class='ocrx_word' id='word_1_65' title='bbox 835 2866 936 2950; x_wconf 75' lang='grc' dir='ltr'>(ψυχή)</span> <span class='ocrx_word' id='word_1_66' title='bbox 964 2886 1012 2929; x_wconf 92' lang='lat' dir='ltr'>res</span> <span class='ocrx_word' id='word_1_67' title='bbox 1040 2886 1095 2949; x_wconf 82' lang='lat' dir='ltr'>per</span> <span class='ocrx_word' id='word_1_68' title='bbox 1123 2886 1237 2930; x_wconf 92' lang='lat' dir='ltr'>sensus</span> <span class='ocrx_word' id='word_1_69' title='bbox 1265 2868 1473 2952; x_wconf 91' lang='lat' dir='ltr'>percipiendo</span> 
     </span>
     <span class='ocr_line' id='line_1_11' title="bbox 297 2973 1475 3057; baseline 0 -18"><span class='ocrx_word' id='word_1_70' title='bbox 297 2976 497 3051; x_wconf 91' lang='lat' dir='ltr'>obcaecetur‚</span> <span class='ocrx_word' id='word_1_71' title='bbox 518 2975 581 3038; x_wconf 91' lang='lat' dir='ltr'>alia</span> <span class='ocrx_word' id='word_1_72' title='bbox 600 2975 652 3036; x_wconf 88' lang='lat' dir='ltr'>via</span> <span class='ocrx_word' id='word_1_73' title='bbox 675 2974 806 3057; x_wconf 81' lang='grc' dir='ltr'>(δεύτερος</span> <span class='ocrx_word' id='word_1_74' title='bbox 823 2976 917 3048; x_wconf 79' lang='grc' dir='ltr'>πλοῦς,</span> <span class='ocrx_word' id='word_1_75' title='bbox 933 2992 972 3056; x_wconf 82' lang='lat'>99</span> <span class='ocrx_word' id='word_1_76' title='bbox 988 2973 1026 3056; x_wconf 84' lang='lat' dir='ltr'>E)</span> <span class='ocrx_word' id='word_1_77' title='bbox 1045 2973 1288 3056; x_wconf 91' lang='lat' dir='ltr'>procedendum</span> <span class='ocrx_word' id='word_1_78' title='bbox 1310 2988 1357 3039; x_wconf 91' lang='lat' dir='ltr'>est</span> <span class='ocrx_word' id='word_1_79' title='bbox 1376 2975 1475 3057; x_wconf 90' lang='lat' dir='ltr'>(sicut</span> 
     </span>
     <span class='ocr_line' id='line_1_12' title="bbox 300 3081 1266 3166; baseline -0.001 -20"><span class='ocrx_word' id='word_1_80' title='bbox 300 3082 444 3146; x_wconf 86' lang='lat' dir='ltr'>fecerunt</span> <span class='ocrx_word' id='word_1_81' title='bbox 463 3082 601 3166; x_wconf 82' lang='lat' dir='ltr'>physici)</span> <span class='ocrx_word' id='word_1_82' title='bbox 622 3082 655 3144; x_wconf 93' lang='lat' dir='ltr'>in</span> <span class='ocrx_word' id='word_1_83' title='bbox 677 3081 924 3164; x_wconf 87' lang='lat' dir='ltr'>investigatione</span> <span class='ocrx_word' id='word_1_84' title='bbox 942 3100 1114 3143; x_wconf 88' lang='lat' dir='ltr'>causatum</span> <span class='ocrx_word' id='word_1_85' title='bbox 1137 3082 1266 3145; x_wconf 93' lang='lat' dir='ltr'>mundi.</span> 
     </span>
    </p>

    <p class='ocr_par' dir='ltr' id='par_1_5' title="bbox 299 3185 1475 4237">
     <span class='ocr_line' id='line_1_13' title="bbox 381 3185 1475 3272; baseline 0.004 -21"><span class='ocrx_word' id='word_1_86' title='bbox 381 3190 582 3272; x_wconf 86' lang='lat' dir='ltr'>Principium</span> <span class='ocrx_word' id='word_1_87' title='bbox 614 3188 712 3272; x_wconf 91' lang='lat' dir='ltr'>hujus</span> <span class='ocrx_word' id='word_1_88' title='bbox 746 3206 850 3251; x_wconf 88' lang='lat' dir='ltr'>novae</span> <span class='ocrx_word' id='word_1_89' title='bbox 881 3185 1026 3251; x_wconf 94' lang='lat' dir='ltr'>methodi</span> <span class='ocrx_word' id='word_1_90' title='bbox 1060 3188 1101 3251; x_wconf 85' lang='lat' dir='ltr'>ita</span> <span class='ocrx_word' id='word_1_91' title='bbox 1132 3191 1318 3271; x_wconf 87' lang='lat' dir='ltr'>proponit¹</span> <span class='ocrx_word' id='word_1_92' title='bbox 1351 3208 1358 3249; x_wconf 90' lang='lat'>:</span> <span class='ocrx_word' id='word_1_93' title='bbox 1387 3213 1407 3251; x_wconf 76' lang='grc' dir='ltr'>α</span> <span class='ocrx_word' id='word_1_94' title='bbox 1432 3191 1475 3255; x_wconf 77' lang='lat' dir='ltr'>At</span> 
     </span>
     <span class='ocr_line' id='line_1_14' title="bbox 300 3295 1473 3380; baseline 0 -21"><span class='ocrx_word' id='word_1_95' title='bbox 300 3316 375 3361; x_wconf 90' lang='lat' dir='ltr'>vero</span> <span class='ocrx_word' id='word_1_96' title='bbox 397 3297 457 3360; x_wconf 93' lang='lat' dir='ltr'>hac</span> <span class='ocrx_word' id='word_1_97' title='bbox 479 3297 531 3358; x_wconf 91' lang='lat' dir='ltr'>via</span> <span class='ocrx_word' id='word_1_98' title='bbox 556 3296 614 3359; x_wconf 93' lang='lat' dir='ltr'>iter</span> <span class='ocrx_word' id='word_1_99' title='bbox 637 3295 737 3358; x_wconf 86' lang='lat' dir='ltr'>direxi</span> <span class='ocrx_word' id='word_1_100' title='bbox 764 3315 887 3371; x_wconf 90' lang='lat' dir='ltr'>meum,</span> <span class='ocrx_word' id='word_1_101' title='bbox 912 3313 1164 3377; x_wconf 91' lang='lat' dir='ltr'>supponensque</span> <span class='ocrx_word' id='word_1_102' title='bbox 1188 3297 1347 3360; x_wconf 89' lang='lat' dir='ltr'>rationem</span> <span class='ocrx_word' id='word_1_103' title='bbox 1369 3297 1473 3380; x_wconf 79' lang='grc' dir='ltr'>(λόγον)</span> 
     </span>
     <span class='ocr_line' id='line_1_15' title="bbox 300 3401 1475 3487; baseline 0.002 -21"><span class='ocrx_word' id='word_1_104' title='bbox 300 3423 437 3486; x_wconf 90' lang='lat' dir='ltr'>semper,</span> <span class='ocrx_word' id='word_1_105' title='bbox 462 3422 561 3487; x_wconf 91' lang='lat' dir='ltr'>quam</span> <span class='ocrx_word' id='word_1_106' title='bbox 589 3422 656 3465; x_wconf 91' lang='lat' dir='ltr'>esse</span> <span class='ocrx_word' id='word_1_107' title='bbox 684 3401 791 3465; x_wconf 92' lang='lat' dir='ltr'>iudico</span> <span class='ocrx_word' id='word_1_108' title='bbox 815 3401 1054 3464; x_wconf 88' lang='lat' dir='ltr'>validissimam</span> <span class='ocrx_word' id='word_1_109' title='bbox 1081 3401 1351 3484; x_wconf 80' lang='grc' dir='ltr'>(ἐρρωμενέστατον),</span> <span class='ocrx_word' id='word_1_110' title='bbox 1376 3423 1475 3487; x_wconf 92' lang='lat' dir='ltr'>quae-</span> 
     </span>
     <span class='ocr_line' id='line_1_16' title="bbox 299 3509 1475 3594; baseline 0.002 -21"><span class='ocrx_word' id='word_1_111' title='bbox 299 3530 440 3593; x_wconf 86' lang='lat' dir='ltr'>cumque</span> <span class='ocrx_word' id='word_1_112' title='bbox 463 3509 540 3572; x_wconf 94' lang='lat' dir='ltr'>huic</span> <span class='ocrx_word' id='word_1_113' title='bbox 563 3528 744 3572; x_wconf 91' lang='lat' dir='ltr'>consonare</span> <span class='ocrx_word' id='word_1_114' title='bbox 764 3509 949 3584; x_wconf 91' lang='lat' dir='ltr'>videantur,</span> <span class='ocrx_word' id='word_1_115' title='bbox 972 3526 1060 3589; x_wconf 92' lang='lat' dir='ltr'>pono</span> <span class='ocrx_word' id='word_1_116' title='bbox 1085 3520 1243 3592; x_wconf 91' lang='lat' dir='ltr'>tanquam</span> <span class='ocrx_word' id='word_1_117' title='bbox 1264 3531 1350 3588; x_wconf 91' lang='lat' dir='ltr'>vera,</span> <span class='ocrx_word' id='word_1_118' title='bbox 1375 3511 1475 3594; x_wconf 91' lang='lat' dir='ltr'>idque</span> 
     </span>
     <span class='ocr_line' id='line_1_17' title="bbox 299 3615 1471 3701; baseline 0.001 -21"><span class='ocrx_word' id='word_1_119' title='bbox 299 3636 359 3700; x_wconf 90' lang='lat' dir='ltr'>ago</span> <span class='ocrx_word' id='word_1_120' title='bbox 382 3630 412 3680; x_wconf 97' lang='lat' dir='ltr'>et</span> <span class='ocrx_word' id='word_1_121' title='bbox 434 3618 518 3679; x_wconf 92' lang='lat' dir='ltr'>circa</span> <span class='ocrx_word' id='word_1_122' title='bbox 542 3635 648 3678; x_wconf 93' lang='lat' dir='ltr'>rerum</span> <span class='ocrx_word' id='word_1_123' title='bbox 673 3634 787 3678; x_wconf 92' lang='lat' dir='ltr'>causas</span> <span class='ocrx_word' id='word_1_124' title='bbox 812 3615 883 3698; x_wconf 80' lang='grc' dir='ltr'>(περὶ</span> <span class='ocrx_word' id='word_1_125' title='bbox 905 3616 1016 3697; x_wconf 79' lang='grc' dir='ltr'>αἰτίας),</span> <span class='ocrx_word' id='word_1_126' title='bbox 1039 3627 1068 3678; x_wconf 91' lang='lat' dir='ltr'>et</span> <span class='ocrx_word' id='word_1_127' title='bbox 1091 3615 1174 3678; x_wconf 93' lang='lat' dir='ltr'>circa</span> <span class='ocrx_word' id='word_1_128' title='bbox 1198 3615 1321 3701; x_wconf 92' lang='lat' dir='ltr'>reliqua</span> <span class='ocrx_word' id='word_1_129' title='bbox 1345 3620 1471 3696; x_wconf 93' lang='lat' dir='ltr'>omnia,</span> 
     </span>
     <span class='ocr_line' id='line_1_18' title="bbox 300 3721 1474 3807; baseline 0.003 -21"><span class='ocrx_word' id='word_1_130' title='bbox 300 3743 382 3807; x_wconf 92' lang='lat' dir='ltr'>quae</span> <span class='ocrx_word' id='word_1_131' title='bbox 406 3743 482 3786; x_wconf 91' lang='lat' dir='ltr'>vero</span> <span class='ocrx_word' id='word_1_132' title='bbox 508 3721 691 3798; x_wconf 90' lang='lat' dir='ltr'>dissonant,</span> <span class='ocrx_word' id='word_1_133' title='bbox 718 3741 793 3785; x_wconf 92' lang='lat' dir='ltr'>vera</span> <span class='ocrx_word' id='word_1_134' title='bbox 819 3741 888 3784; x_wconf 91' lang='lat' dir='ltr'>esse</span> <span class='ocrx_word' id='word_1_135' title='bbox 914 3741 1006 3804; x_wconf 91' lang='lat' dir='ltr'>nego.</span> <span class='ocrx_word' id='word_1_136' title='bbox 1032 3745 1052 3781; x_wconf 89' lang='lat'><strong>»</strong></span> <span class='ocrx_word' id='word_1_137' title='bbox 1076 3759 1116 3768; x_wconf 93' lang='lat'>-</span> <span class='ocrx_word' id='word_1_138' title='bbox 1143 3722 1361 3806; x_wconf 85' lang='lat' dir='ltr'>objectiones,</span> <span class='ocrx_word' id='word_1_139' title='bbox 1389 3742 1474 3806; x_wconf 87' lang='lat' dir='ltr'>quae</span> 
     </span>
     <span class='ocr_line' id='line_1_19' title="bbox 300 3829 1475 3914; baseline 0.001 -21"><span class='ocrx_word' id='word_1_140' title='bbox 300 3843 411 3894; x_wconf 92' lang='lat' dir='ltr'>contra</span> <span class='ocrx_word' id='word_1_141' title='bbox 446 3829 652 3914; x_wconf 91' lang='lat' dir='ltr'>hypothesim</span> <span class='ocrx_word' id='word_1_142' title='bbox 689 3830 756 3893; x_wconf 90' lang='lat' dir='ltr'>fieri</span> <span class='ocrx_word' id='word_1_143' title='bbox 792 3841 923 3912; x_wconf 91' lang='lat' dir='ltr'>possent</span> <span class='ocrx_word' id='word_1_144' title='bbox 957 3830 1211 3912; x_wconf 88' lang='lat' dir='ltr'>praeveniendo,</span> <span class='ocrx_word' id='word_1_145' title='bbox 1250 3851 1317 3894; x_wconf 92' lang='lat' dir='ltr'>non</span> <span class='ocrx_word' id='word_1_146' title='bbox 1355 3829 1475 3894; x_wconf 91' lang='lat' dir='ltr'>directe</span> 
     </span>
     <span class='ocr_line' id='line_1_20' title="bbox 300 3937 1475 4022; baseline 0.001 -22"><span class='ocrx_word' id='word_1_147' title='bbox 300 3937 407 4014; x_wconf 91' lang='lat' dir='ltr'>solvit,</span> <span class='ocrx_word' id='word_1_148' title='bbox 433 3939 488 4002; x_wconf 92' lang='lat' dir='ltr'>sed</span> <span class='ocrx_word' id='word_1_149' title='bbox 512 3938 678 4002; x_wconf 92' lang='lat' dir='ltr'>obviando</span> <span class='ocrx_word' id='word_1_150' title='bbox 707 3937 878 4020; x_wconf 93' lang='lat' dir='ltr'>respondet</span> <span class='ocrx_word' id='word_1_151' title='bbox 902 3937 1157 4000; x_wconf 92' lang='lat' dir='ltr'>considerandas</span> <span class='ocrx_word' id='word_1_152' title='bbox 1180 3958 1249 4002; x_wconf 92' lang='lat' dir='ltr'>esse</span> <span class='ocrx_word' id='word_1_153' title='bbox 1271 3957 1475 4022; x_wconf 90' lang='lat' dir='ltr'>consequen-</span> 
     </span>
     <span class='ocr_line' id='line_1_21' title="bbox 300 4043 1474 4128; baseline 0.002 -21"><span class='ocrx_word' id='word_1_154' title='bbox 300 4046 361 4108; x_wconf 92' lang='lat' dir='ltr'>tias</span> <span class='ocrx_word' id='word_1_155' title='bbox 381 4058 552 4109; x_wconf 92' lang='lat' dir='ltr'>manantes</span> <span class='ocrx_word' id='word_1_156' title='bbox 571 4065 609 4108; x_wconf 93' lang='lat' dir='ltr'>ex</span> <span class='ocrx_word' id='word_1_157' title='bbox 628 4045 690 4108; x_wconf 91' lang='lat' dir='ltr'>hoc</span> <span class='ocrx_word' id='word_1_158' title='bbox 709 4046 881 4127; x_wconf 89' lang='lat' dir='ltr'>principio,</span> <span class='ocrx_word' id='word_1_159' title='bbox 903 4045 1084 4128; x_wconf 90' lang='lat' dir='ltr'>etquidem</span> <span class='ocrx_word' id='word_1_160' title='bbox 1106 4058 1215 4108; x_wconf 86' lang='lat' dir='ltr'>utrum</span> <span class='ocrx_word' id='word_1_161' title='bbox 1240 4047 1323 4108; x_wconf 89' lang='lat' dir='ltr'>inter</span> <span class='ocrx_word' id='word_1_162' title='bbox 1344 4065 1376 4107; x_wconf 88' lang='lat' dir='ltr'>se</span> <span class='ocrx_word' id='word_1_163' title='bbox 1399 4043 1474 4109; x_wconf 93' lang='lat' dir='ltr'>illae</span> 
     </span>
     <span class='ocr_line' id='line_1_22' title="bbox 300 4152 1470 4237; baseline -0.001 -20"><span class='ocrx_word' id='word_1_164' title='bbox 300 4166 483 4217; x_wconf 91' lang='lat' dir='ltr'>consonent</span> <span class='ocrx_word' id='word_1_165' title='bbox 509 4153 559 4217; x_wconf 88' lang='lat' dir='ltr'>vel</span> <span class='ocrx_word' id='word_1_166' title='bbox 588 4153 758 4216; x_wconf 91' lang='lat' dir='ltr'>dissonent</span> <span class='ocrx_word' id='word_1_167' title='bbox 780 4153 803 4216; x_wconf 77' lang='lat'>².</span> <span class='ocrx_word' id='word_1_168' title='bbox 830 4152 1016 4235; x_wconf 81' lang='lat' dir='ltr'>SuppositO,</span> <span class='ocrx_word' id='word_1_169' title='bbox 1040 4153 1129 4237; x_wconf 93' lang='lat' dir='ltr'>quod</span> <span class='ocrx_word' id='word_1_170' title='bbox 1157 4153 1200 4216; x_wconf 92' lang='lat' dir='ltr'>ob</span> <span class='ocrx_word' id='word_1_171' title='bbox 1231 4153 1470 4216; x_wconf 92' lang='lat' dir='ltr'>dissonantiam</span> 
     </span>
    </p>
   </div>
   <div class='ocr_carea' id='block_1_5' title="bbox 363 4411 636 4564">
    <p class='ocr_par' dir='ltr' id='par_1_6' title="bbox 363 4411 636 4564">
     <span class='ocr_line' id='line_1_23' title="bbox 367 4411 633 4474; baseline 0.008 -12"><span class='ocrx_word' id='word_1_172' title='bbox 367 4428 386 4462; x_wconf 87' lang='lat' dir='ltr'>r.</span> <span class='ocrx_word' id='word_1_173' title='bbox 406 4411 523 4474; x_wconf 87' lang='lat' dir='ltr'>Phaedo,</span> <span class='ocrx_word' id='word_1_174' title='bbox 543 4428 586 4463; x_wconf 87' lang='lat' dir='ltr'>roo</span> <span class='ocrx_word' id='word_1_175' title='bbox 601 4414 633 4464; x_wconf 88' lang='grc' dir='ltr'>Α.</span> 
     </span>
     <span class='ocr_line' id='line_1_24' title="bbox 363 4491 636 4564; baseline 0 -21"><span class='ocrx_word' id='word_1_176' title='bbox 363 4507 386 4549; x_wconf 74' lang='lat'>2·</span> <span class='ocrx_word' id='word_1_177' title='bbox 406 4491 485 4553; x_wconf 75' lang='lat' dir='ltr'>luto„</span> <span class='ocrx_word' id='word_1_178' title='bbox 501 4507 526 4564; x_wconf 86' lang='lat' dir='ltr'>p.</span> <span class='ocrx_word' id='word_1_179' title='bbox 547 4506 585 4542; x_wconf 87' lang='lat' dir='ltr'>tor</span> <span class='ocrx_word' id='word_1_180' title='bbox 604 4493 636 4545; x_wconf 88' lang='lat' dir='ltr'>D.</span> 
     </span>
    </p>
   </div>
   <div class='ocr_carea' id='block_1_6' title="bbox 0 0 1645 5536">
    <p class='ocr_par' dir='ltr' id='par_1_7' title="bbox 0 0 1645 5536">
     <span class='ocr_line' id='line_1_25' title="bbox 0 0 1645 5536; baseline 0 0"><span class='ocrx_word' id='word_1_181' title='bbox 0 0 1645 5536; x_wconf 95' lang='lat' dir='ltr'> </span> 
     </span>
    </p>
   </div>
  </div>
 </body>
</html>
