3278 5536
834 623 1014 665 —2—

335 779 448 824 eorum
472 761 506 822 in
530 760 589 824 hac
611 780 644 826 re
663 773 694 825 et
716 762 782 824 iarn
804 761 845 825 ab
866 761 939 825 aliis
960 761 1084 826 dictum
1107 763 1267 827 invenerit
1287 776 1318 829 et
1338 765 1419 848 quid
1441 767 1508 850 ipse

335 869 413 931 novi
436 867 587 945 attulerit,
613 870 710 932 etiam
736 870 770 930 in
795 888 860 952 quo
884 871 1022 953 quisque
1045 889 1159 933 eorum
1185 870 1236 934 vel
1262 870 1431 954 profecerit
1455 871 1506 938 vel

334 973 493 1038 defecerit.
517 975 601 1039 Dein
625 974 829 1040 ostendimus
850 996 933 1059 quae
955 978 1038 1040 inter
1057 996 1112 1041 eos
1134 978 1174 1040 sit
1195 976 1317 1043 relatio.

412 1082 535 1146 Norma
557 1102 621 1166 qua
644 1082 740 1147 hosce
759 1081 972 1166 philosophos
992 1084 1212 1167 judicabimus
1233 1097 1280 1149 est
1302 1085 1398 1150 nobis
1417 1087 1506 1150 Aris·

331 1189 464 1267 toteles;
481 1201 675 1273 quapropter
693 1202 723 1254 et
741 1210 814 1254 eam
835 1191 1017 1267 notionem,
1034 1210 1134 1273 quam
1157 1193 1223 1274 ipse
1238 1190 1278 1255 de
1296 1211 1393 1255 causa
1412 1191 1504 1256 finali

332 1297 457 1375 habuit,
474 1298 642 1381 sequimur
655 1308 686 1360 et
700 1297 780 1380 quid
795 1296 849 1361 ille
865 1297 904 1361 de
919 1299 986 1361 suis
1001 1298 1298 1381 praedecessoribus
1314 1298 1505 1363 iudicaverit

330 1403 578 1489 diligentissime
599 1403 779 1468 referimus.

410 1511 496 1578 Cum
511 1531 588 1576 vero
599 1512 807 1594 potissimum
825 1510 915 1576 Plato
933 1510 1138 1596 teleologicae
1161 1511 1278 1576 mundi
1293 1510 1501 1595 explicationi

329 1620 495 1684 insudaret
516 1621 570 1696 ita,
592 1631 627 1682 ut
647 1631 767 1685 ceteros
787 1606 1001 1702 philosophos
1023 1621 1058 1682 in
1082 1619 1141 1683 hac
1161 1640 1193 1684 re
1213 1619 1308 1703 longe
1327 1633 1499 1703 superaret,

327 1746 469 1811 cumque
504 1727 571 1809 ipse
604 1725 802 1802 Aristoteles,
833 1738 868 1789 ut
902 1727 971 1810 ejus
1007 1725 1187 1810 discipulus
1218 1726 1360 1810 plurima
1392 1727 1433 1790 ab
1461 1747 1499 1791 eo

271 1870 275 1890 ·
327 1836 532 1919 sumpsisset,
560 1834 679 1897 idcirco
709 1831 760 1898 vel
796 1834 939 1897 maxime
972 1853 1103 1917 operam
1135 1834 1304 1912 dabimus,
1336 1847 1372 1898 ut
1405 1855 1500 1899 mon·

326 1955 464 2007 stremus
499 1960 582 2025 quae
617 1938 728 2004 relatio
763 1941 932 2023 praecipue
962 1941 1044 2004 inter
1072 1940 1132 2004 hos
1167 1942 1249 2005 duos
1284 1941 1498 2026 philosophos

326 2050 501 2114 intercedat
530 2074 536 2113 :
567 2047 647 2132 quid
675 2046 797 2112 scilicet
822 2046 1009 2112 Aristoteles
1036 2069 1101 2132 qua
1129 2050 1258 2112 criticus
1288 2048 1328 2114 de
1363 2049 1497 2115 Platone

324 2159 469 2234 senserit,
485 2156 566 2240 quid
580 2156 621 2219 ab
636 2175 674 2220 eo
690 2156 874 2239 sumpserit,
890 2167 920 2219 et
935 2157 969 2218 in
985 2174 1131 2238 quonam
1152 2168 1284 2240 uterque
1298 2159 1497 2222 conveniant

322 2266 374 2330 vel
396 2265 598 2330 dissentiant.

402 2372 625 2455 Quamobrem
655 2382 764 2434 nostra
792 2370 972 2433 dissertatio
1005 2382 1052 2433 est
1085 2368 1185 2434 veluti
1220 2369 1418 2436 introductio
1452 2372 1494 2436 ad

321 2479 581 2565 investigandam
604 2479 773 2542 notionem
795 2496 911 2540 causae
932 2475 1041 2540 finalis
1062 2476 1149 2560 apud
1169 2476 1386 2542 Aristotelem.
1407 2478 1493 2560 Quia

320 2588 387 2673 ipse
403 2589 437 2651 in
452 2585 601 2671 pluribus
616 2604 692 2649 suos
706 2583 962 2667 praedecessores
976 2584 1162 2666 praesertim
1180 2581 1348 2648 Platonem
1365 2598 1493 2649 secutus

318 2710 385 2773 est;
415 2714 488 2778 ergo
515 2712 620 2776 neque
647 2691 782 2774 intelligi
808 2689 907 2773 probe
932 2702 1036 2773 potest
1060 2689 1140 2774 quid
1166 2691 1234 2773 ipse
1259 2692 1337 2754 novi
1363 2691 1489 2769 dixerit,

319 2804 383 2868 nisi
404 2803 486 2866 bene
506 2811 668 2884 perspecta
688 2797 916 2882 explorataque
936 2796 1084 2861 doctrina
1104 2815 1230 2873 eorum,
1252 2797 1307 2880 qui
1331 2817 1408 2862 eum
1430 2798 1491 2864 hac

318 2911 352 2974 in
374 2930 408 2975 re
428 2919 678 2993 praecesserunt.

387 3016 539 3082 Tandem
554 3012 644 3098 quod
656 3013 698 3077 ad
711 3011 819 3076 media
832 3010 953 3094 quibus
968 3011 1002 3073 in
1015 3009 1251 3099 conscribenda
1266 3010 1489 3078 dissertatione

317 3144 395 3189 usus
421 3141 495 3186 sum
521 3121 645 3198 attinet,
672 3117 780 3202 plures
808 3130 885 3181 sunt
909 3117 966 3200 qui
992 3116 1032 3180 de
1045 3118 1268 3208 Anaxagorae,
1294 3117 1435 3183 Socratis
1458 3133 1488 3185 et

315 3231 461 3297 Platonis
487 3225 715 3313 systematibus
740 3225 959 3308 scripserunt;
987 3223 1026 3287 de
1053 3243 1151 3287 causa
1176 3244 1254 3315 vero
1279 3223 1371 3289 finali
1399 3228 1487 3311 apud

315 3336 484 3401 Platonem
501 3331 642 3413 Mabille,
655 3332 863 3416 potissimum
883 3341 914 3394 et
933 3329 968 3417 Ρ.Ι
984 3329 1077 3393 Janet
1095 3341 1281 3394 tractarunt.
1299 3329 1363 3395 Sed
1382 3351 1487 3425 quan·

312 3444 522 3515 tumscimus
536 3460 634 3505 nemo
650 3440 735 3504 hanc
747 3439 970 3523 quaestionem
983 3456 1021 3500 eo
1038 3437 1137 3501 modo
1149 3434 1215 3520 quo
1231 3457 1292 3502 nos
1306 3420 1483 3516 sumimus,

310 3552 468 3628 tractavit,
497 3551 541 3613 ita
570 3566 698 3631 nempe,
728 3559 764 3610 ut
796 3545 946 3619 historice
979 3543 1161 3608 ostenderet
1187 3545 1356 3633 quomodo
1392 3547 1484 3636 notio

310 3680 426 3726 causae
446 3656 556 3733 finalis
576 3675 673 3721 cursu
696 3654 852 3737 temporis
872 3649 1002 3716 evoluta
1021 3649 1127 3716 fuerit.
