992 1577
490 247 590 263 ——50—

249 291 264 304 et
271 292 290 304 ex
298 287 414 303 recentioribus
421 287 524 308 philosophis
534 292 568 303 non
576 287 676 303 scholasticis
686 287 753 303 fortasse
762 287 835 302 maxime

247 317 270 330 est
280 314 347 330 meritus
356 314 377 330 de
387 314 527 330 demonstratione
536 314 629 330 existentiae
636 319 722 329 causarum
731 313 812 329 finalium.

287 341 306 356 Ei
319 341 347 361 qui
361 341 391 356 hac
404 341 424 356 de
439 345 454 356 re
467 341 536 360 disserit,
550 344 611 361 praeter
624 340 733 359 difficultates,
748 345 789 361 quae
803 340 834 356 soli

247 368 311 384 Platoni
326 371 365 383 sunt
377 368 456 388 propriae,
470 370 558 383 occurrunt
570 367 616 386 aliae,
629 372 669 388 quas
683 367 728 383 Plato
740 372 777 382 curn
791 367 835 382 idea-

246 395 288 410 listis
299 394 324 410 vel
337 393 454 410 ultra-realistis
467 399 565 410 communes
578 394 631 410 habet.
645 394 671 409 Ad
685 393 787 414 probandam
802 394 835 409 exi-

247 422 322 437 stentiam
333 426 391 437 causae
401 421 456 436 finalis
466 421 564 441 experientia
573 421 658 441 praecipue
667 424 682 436 et
693 421 759 436 scientia
767 421 835 442 physica

246 448 340 469 requiritur,
355 448 393 468 quia
407 448 442 463 eius
456 448 541 463 existentia
553 447 631 468 probatur
648 452 681 463 non
696 452 705 463 a
719 447 767 468 priori
783 447 811 463 sed
825 452 834 463 a

246 474 336 495 posteriori.
350 474 382 490 Sed
394 474 438 490 iuxta
452 474 537 490 Platonem
552 479 586 490 non
601 477 624 490 est
638 474 705 490 scientia
718 474 800 494 (ἐπιστήμη)
815 474 835 490 de

247 501 294 517 rebus
305 501 416 520 sensibilibus,
427 501 472 521 quod
482 506 541 517 omnes
552 501 586 517 eius
597 500 656 521 dialogi
667 504 751 520 testantur,
763 504 778 516 et
789 500 835 517 Plato

247 533 281 544 non
292 528 363 544 multum
373 528 483 548 occupabatur
492 528 564 548 physica,
573 528 601 544 sed
610 531 634 544 est
643 528 697 548 potius
708 527 833 548 metaphysicus.

248 554 337 575 Explicatio
347 555 437 575 systematis
448 554 538 574 idealisticL
548 555 606 575 quavis
616 554 647 570 alia
658 558 682 570 est
692 554 781 573 difficilior,
789 555 834 575 quia,

247 586 285 597 curn
297 581 369 597 idealista
379 582 495 602 imaginatione
505 582 559 602 potius
569 584 628 600 utatur,
637 586 683 602 saepe
692 581 758 602 cognitu
768 581 835 597 difficile

247 611 275 627 est,
287 613 328 629 quae
340 608 458 629 excogitaverit,
470 608 502 624 nisi
514 608 606 624 coniectura
618 608 696 629 quadam,
708 613 761 628 neque
772 613 836 628 semper

247 635 349 656 cogitationis
358 635 393 651 eius
402 640 460 650 causae
470 635 540 650 inveniri
551 638 624 655 possunt.

288 662 306 677 ln
316 662 417 682 expositione
427 662 505 680 notionis,
516 667 565 682 quarn
578 661 623 677 Plato
634 662 654 678 de
664 667 712 677 causa
723 661 769 677 finali
781 662 834 681 habet,

248 689 269 704 ita
277 688 389 709 procedemus,
397 691 415 704 ut
422 688 503 704 sumendo
511 689 586 709 quemvis
593 688 676 709 dialogum
685 689 713 708 qui
723 693 756 704 rem
765 689 834 709 respicit,

248 715 291 731 iuxta
302 715 346 731 hunc
354 720 455 736 exponamus
466 718 538 730 nostram
546 715 658 735 quaestionem
667 721 670 731 :
679 718 719 731 esset
726 715 771 731 enim
778 718 835 731 contra

248 747 314 758 sensum
330 742 402 758 Platonis
418 741 468 758 simul
483 747 502 757 ex
516 742 595 757 omnibus
609 742 672 762 scriptis
686 742 729 757 hanc
742 742 834 757 doctrinam

247 773 332 789 exponere,
343 769 381 789 quia
394 769 435 784 inter
446 769 481 789 ejus
493 773 541 789 opera
552 768 612 784 adsunt
623 768 723 784 differentiae
734 768 778 784 haud
789 769 834 789 parvi

248 796 333 811 momenti.
343 795 367 811 Ne
374 798 429 811 tamen
438 800 496 811 manca
505 795 525 810 sit
533 798 586 810 nostra
598 795 682 815 expositio,
694 795 778 811 ostendere
790 800 836 811 cura-

248 822 304 838 bimus
313 822 397 843 quomodo
407 825 422 837 et
432 822 448 837 hi
460 821 519 842 dialogi
529 822 569 837 inter
577 826 593 837 se
600 825 718 837 connectantur
727 825 742 837 et
751 822 835 842 quomodo

248 849 321 865 doctrina
330 848 402 864 Platonis
410 848 430 864 de
439 853 488 864 causa
499 848 551 867 finali,
559 853 601 869 quae
608 852 627 864 ex
635 849 654 864 iis
664 849 730 867 eruitur,
737 848 768 864 sibi
778 849 836 865 cohae-

249 879 286 891 reat.
295 876 378 896 Imprimis
385 875 456 891 tractabo
464 875 484 891 de
491 881 501 890 «
507 875 614 894 Phaedone»,
622 878 676 896 postea
684 875 704 891 de
711 881 720 890 «
726 875 814 896 Republica
819 881 835 894 »,

247 908 257 917 ⁴<
268 902 338 918 Timaeo
349 908 364 922 ιι,
379 908 388 917 ‹
401 902 474 918 Philebo.
487 908 497 917 »
512 902 561 918 Hicce
575 902 623 921 ordo,
637 907 686 923 quem
701 903 783 923 proposui,
798 903 836 918 niti-

247 932 278 948 tur,
293 932 311 945 ut
324 929 365 945 mihi
378 929 447 948 videtur,
462 929 479 944 in
494 929 528 949 ipsa
543 929 615 948 notione,
629 934 678 949 quam
694 928 739 946 Plato
752 929 772 944 de
786 934 835 945 causa

248 955 293 971 finali
308 956 382 974 habebat,
397 960 439 976 quoe
455 960 504 971 cursu
520 956 597 976 temporis
611 955 641 971 sub
655 955 723 971 diversis
737 956 836 976 respectibus

247 982 356 998 evolvebatur.

288 1009 351 1025 Praeter
360 1008 468 1028 difficultates,
477 1014 519 1029 quae
526 1012 613 1024 occurrunt
621 1009 638 1024 in
646 1009 745 1029 expositione
752 1009 836 1025 doctrinae

247 1036 338 1056 platonicae
346 1036 402 1056 ipsius,
410 1036 464 1052 adhuc
473 1041 532 1056 magna
540 1035 628 1051 difficultas
636 1039 659 1052 est
668 1036 685 1052 in
694 1036 798 1057 intelligenda
805 1037 836 1052 cri-

246 1063 278 1078 tica
285 1062 375 1078 Aristotelis
382 1063 436 1084 quoad
444 1067 510 1080 causam
521 1062 587 1078 finalem
598 1062 676 1079 Platonis,
685 1062 744 1078 Critica
752 1062 836 1083 stagiritae

247 1093 271 1105 est
285 1089 370 1110 multiplex
383 1093 398 1105 et
412 1090 428 1105 in
443 1090 492 1105 variis
506 1090 541 1105 eius
555 1090 618 1110 scriptis
634 1090 722 1109 invenitur,
737 1093 785 1110 atque
799 1093 834 1105 tum

248 1116 306 1132 directe
318 1119 354 1132 turn
368 1116 445 1132 indirecte
458 1116 527 1137 pertinet
539 1116 560 1132 ad
574 1119 646 1132 nostram
659 1116 778 1137 quaestionem.
792 1116 835 1132 Haec

248 1143 308 1162 critica,
323 1146 341 1162 ut
353 1143 418 1164 patebit,
433 1143 470 1164 plus
484 1143 553 1164 pertinet
566 1143 587 1159 ad
601 1144 654 1159 varios
669 1143 741 1164 dialogos
756 1142 834 1162 Platonis,

248 1175 298 1191 quam
312 1170 333 1185 ad
347 1175 454 1186 communem
470 1170 554 1185 notionem
568 1175 626 1185 causae
638 1169 693 1186 finalis
706 1170 801 1191 platonicae.
817 1169 834 1185 ln

249 1200 303 1212 nostra
320 1197 437 1216 dissertatione,
452 1200 489 1217 post
505 1201 641 1217 unumquemque
655 1196 738 1217 dialogum
756 1196 834 1215 Platonis,

248 1223 349 1239 adducemus
363 1227 378 1239 et
394 1224 465 1239 criticam
481 1223 565 1244 Stagiritae
580 1223 624 1239 hunc
638 1223 721 1244 dialogum
736 1226 834 1244 tangentem.
