<?xml version="1.0" encoding="UTF-8"?>
<!DOCTYPE html PUBLIC "-//W3C//DTD XHTML 1.0 Transitional//EN"
    "http://www.w3.org/TR/xhtml1/DTD/xhtml1-transitional.dtd">
<html xmlns="http://www.w3.org/1999/xhtml" xml:lang="en" lang="en">
 <head>
  <title>
</title>
<meta http-equiv="Content-Type" content="text/html;charset=utf-8" />
  <meta name='ocr-system' content='tesseract 3.04.00' />
  <meta name='ocr-capabilities' content='ocr_page ocr_carea ocr_par ocr_line ocrx_word'/>
</head>
<body>
  <div class='ocr_page' id='page_1' title='image "./decausafinaliap00naujgoog_0121.png"; bbox 0 0 3278 5536; ppageno 0'>
   <div class='ocr_carea' id='block_1_1' title="bbox 759 1264 1014 1337">
    <p class='ocr_par' dir='ltr' id='par_1_1' title="bbox 759 1264 1014 1337">
     <span class='ocr_line' id='line_1_1' title="bbox 759 1264 1014 1337; baseline -0.027 -1"><span class='ocrx_word' id='word_1_1' title='bbox 759 1264 930 1337; x_wconf 90' lang='lat' dir='ltr'><strong>CAPUT</strong></span> <span class='ocrx_word' id='word_1_2' title='bbox 965 1264 1014 1333; x_wconf 93' lang='lat' dir='ltr'>IV</span> 
     </span>
    </p>
   </div>
   <div class='ocr_carea' id='block_1_2' title="bbox 839 1521 945 1538">
    <p class='ocr_par' dir='ltr' id='par_1_2' title="bbox 839 1521 945 1538">
     <span class='ocr_line' id='line_1_2' title="bbox 839 1521 945 1538; baseline 0 0"><span class='ocrx_word' id='word_1_3' title='bbox 839 1521 945 1538; x_wconf 67' lang='grc' dir='ltr'>ΜᾺΛΜ</span> 
     </span>
    </p>
   </div>
   <div class='ocr_carea' id='block_1_3' title="bbox 490 1758 1291 1831">
    <p class='ocr_par' dir='ltr' id='par_1_3' title="bbox 490 1758 1291 1831">
     <span class='ocr_line' id='line_1_3' title="bbox 490 1758 1291 1831; baseline -0.004 -14"><span class='ocrx_word' id='word_1_4' title='bbox 490 1759 549 1817; x_wconf 80' lang='lat' dir='ltr'>An</span> <span class='ocrx_word' id='word_1_5' title='bbox 572 1758 793 1831; x_wconf 70' lang='lat' dir='ltr'>Demiurgus</span> <span class='ocrx_word' id='word_1_6' title='bbox 816 1761 866 1817; x_wconf 85' lang='lat' dir='ltr'>sit</span> <span class='ocrx_word' id='word_1_7' title='bbox 888 1760 983 1818; x_wconf 83' lang='lat' dir='ltr'>idem</span> <span class='ocrx_word' id='word_1_8' title='bbox 1005 1775 1049 1819; x_wconf 82' lang='lat' dir='ltr'>ao</span> <span class='ocrx_word' id='word_1_9' title='bbox 1071 1760 1151 1818; x_wconf 78' lang='lat' dir='ltr'>idea</span> <span class='ocrx_word' id='word_1_10' title='bbox 1174 1758 1291 1817; x_wconf 75' lang='lat' dir='ltr'>boni?</span> 
     </span>
    </p>
   </div>
   <div class='ocr_carea' id='block_1_4' title="bbox 305 1935 1488 3736">
    <p class='ocr_par' dir='ltr' id='par_1_4' title="bbox 306 1935 1480 2217">
     <span class='ocr_line' id='line_1_4' title="bbox 385 1935 1480 2021; baseline -0.001 -20"><span class='ocrx_word' id='word_1_11' title='bbox 385 1936 442 2001; x_wconf 89' lang='lat' dir='ltr'>Sat</span> <span class='ocrx_word' id='word_1_12' title='bbox 477 1936 620 2000; x_wconf 88' lang='lat' dir='ltr'>difficilis</span> <span class='ocrx_word' id='word_1_13' title='bbox 652 1950 698 2001; x_wconf 88' lang='lat' dir='ltr'>est</span> <span class='ocrx_word' id='word_1_14' title='bbox 731 1939 877 2021; x_wconf 86' lang='lat' dir='ltr'>quaestio</span> <span class='ocrx_word' id='word_1_15' title='bbox 909 1938 950 2002; x_wconf 92' lang='lat' dir='ltr'>ad</span> <span class='ocrx_word' id='word_1_16' title='bbox 985 1938 1289 2013; x_wconf 89' lang='lat' dir='ltr'>determinandum,</span> <span class='ocrx_word' id='word_1_17' title='bbox 1323 1935 1403 2018; x_wconf 91' lang='lat' dir='ltr'>quid</span> <span class='ocrx_word' id='word_1_18' title='bbox 1439 1938 1480 2000; x_wconf 93' lang='lat' dir='ltr'>sit</span> 
     </span>
     <span class='ocr_line' id='line_1_5' title="bbox 306 2042 1479 2129; baseline -0.003 -20"><span class='ocrx_word' id='word_1_19' title='bbox 306 2045 545 2127; x_wconf 88' lang='lat' dir='ltr'>Demiurgus«</span> <span class='ocrx_word' id='word_1_20' title='bbox 567 2044 749 2122; x_wconf 84' lang='lat' dir='ltr'>Timaei»,</span> <span class='ocrx_word' id='word_1_21' title='bbox 775 2058 885 2109; x_wconf 91' lang='lat' dir='ltr'>utrum</span> <span class='ocrx_word' id='word_1_22' title='bbox 912 2045 1037 2129; x_wconf 91' lang='lat' dir='ltr'>aliquid</span> <span class='ocrx_word' id='word_1_23' title='bbox 1064 2044 1154 2109; x_wconf 93' lang='lat' dir='ltr'>aliud</span> <span class='ocrx_word' id='word_1_24' title='bbox 1178 2064 1277 2128; x_wconf 92' lang='lat' dir='ltr'>quam</span> <span class='ocrx_word' id='word_1_25' title='bbox 1304 2042 1374 2106; x_wconf 89' lang='lat' dir='ltr'>idea</span> <span class='ocrx_word' id='word_1_26' title='bbox 1399 2042 1479 2106; x_wconf 91' lang='lat' dir='ltr'>boni</span> 
     </span>
     <span class='ocr_line' id='line_1_6' title="bbox 307 2151 546 2217; baseline -0.013 -1"><span class='ocrx_word' id='word_1_27' title='bbox 307 2153 348 2217; x_wconf 93' lang='lat' dir='ltr'>sit</span> <span class='ocrx_word' id='word_1_28' title='bbox 365 2172 408 2215; x_wconf 91' lang='lat' dir='ltr'>an</span> <span class='ocrx_word' id='word_1_29' title='bbox 429 2151 546 2216; x_wconf 83' lang='lat' dir='ltr'>idem?</span> 
     </span>
    </p>

    <p class='ocr_par' dir='ltr' id='par_1_5' title="bbox 305 2259 1482 2876">
     <span class='ocr_line' id='line_1_7' title="bbox 387 2259 1481 2342; baseline -0.003 -18"><span class='ocrx_word' id='word_1_30' title='bbox 387 2259 584 2342; x_wconf 85' lang='lat' dir='ltr'>Demiurgus</span> <span class='ocrx_word' id='word_1_31' title='bbox 611 2279 679 2323; x_wconf 93' lang='lat' dir='ltr'>non</span> <span class='ocrx_word' id='word_1_32' title='bbox 706 2272 753 2324; x_wconf 93' lang='lat' dir='ltr'>est</span> <span class='ocrx_word' id='word_1_33' title='bbox 775 2261 929 2324; x_wconf 91' lang='lat' dir='ltr'>cumulus</span> <span class='ocrx_word' id='word_1_34' title='bbox 957 2260 1102 2323; x_wconf 90' lang='lat' dir='ltr'>idearum</span> <span class='ocrx_word' id='word_1_35' title='bbox 1129 2278 1187 2322; x_wconf 92' lang='lat' dir='ltr'>nec</span> <span class='ocrx_word' id='word_1_36' title='bbox 1211 2259 1342 2323; x_wconf 87' lang='lat' dir='ltr'>effectus</span> <span class='ocrx_word' id='word_1_37' title='bbox 1365 2278 1481 2322; x_wconf 90' lang='lat' dir='ltr'>earun-</span> 
     </span>
     <span class='ocr_line' id='line_1_8' title="bbox 308 2364 1482 2450; baseline -0.002 -18"><span class='ocrx_word' id='word_1_38' title='bbox 308 2368 395 2444; x_wconf 91' lang='lat' dir='ltr'>dem,</span> <span class='ocrx_word' id='word_1_39' title='bbox 423 2366 511 2449; x_wconf 93' lang='lat' dir='ltr'>quod</span> <span class='ocrx_word' id='word_1_40' title='bbox 540 2364 754 2448; x_wconf 85' lang='lat' dir='ltr'>explicatione</span> <span class='ocrx_word' id='word_1_41' title='bbox 783 2387 850 2430; x_wconf 94' lang='lat' dir='ltr'>non</span> <span class='ocrx_word' id='word_1_42' title='bbox 878 2367 1000 2450; x_wconf 84' lang='lat' dir='ltr'>indiget</span> <span class='ocrx_word' id='word_1_43' title='bbox 1026 2378 1057 2430; x_wconf 93' lang='lat' dir='ltr'>et</span> <span class='ocrx_word' id='word_1_44' title='bbox 1081 2379 1166 2450; x_wconf 87' lang='lat' dir='ltr'>patet</span> <span class='ocrx_word' id='word_1_45' title='bbox 1192 2385 1230 2430; x_wconf 83' lang='lat' dir='ltr'>ex</span> <span class='ocrx_word' id='word_1_46' title='bbox 1257 2379 1324 2431; x_wconf 90' lang='lat' dir='ltr'>toto</span> <span class='ocrx_word' id='word_1_47' title='bbox 1351 2365 1482 2449; x_wconf 88' lang='lat' dir='ltr'>dialogo</span> 
     </span>
     <span class='ocr_line' id='line_1_9' title="bbox 309 2471 1481 2557; baseline -0.001 -19"><span class='ocrx_word' id='word_1_48' title='bbox 309 2494 384 2538; x_wconf 93' lang='lat' dir='ltr'>eum</span> <span class='ocrx_word' id='word_1_49' title='bbox 408 2493 475 2536; x_wconf 92' lang='lat' dir='ltr'>esse</span> <span class='ocrx_word' id='word_1_50' title='bbox 497 2471 622 2557; x_wconf 92' lang='lat' dir='ltr'>aliquid</span> <span class='ocrx_word' id='word_1_51' title='bbox 644 2474 835 2537; x_wconf 90' lang='lat' dir='ltr'>distinctum</span> <span class='ocrx_word' id='word_1_52' title='bbox 858 2474 898 2538; x_wconf 92' lang='lat' dir='ltr'>ab</span> <span class='ocrx_word' id='word_1_53' title='bbox 921 2474 1011 2538; x_wconf 91' lang='lat' dir='ltr'>ideis.</span> <span class='ocrx_word' id='word_1_54' title='bbox 1037 2473 1117 2537; x_wconf 92' lang='lat' dir='ltr'>Item</span> <span class='ocrx_word' id='word_1_55' title='bbox 1142 2473 1232 2538; x_wconf 91' lang='lat' dir='ltr'>ideae</span> <span class='ocrx_word' id='word_1_56' title='bbox 1254 2493 1321 2538; x_wconf 95' lang='lat' dir='ltr'>non</span> <span class='ocrx_word' id='word_1_57' title='bbox 1346 2486 1423 2539; x_wconf 91' lang='lat' dir='ltr'>sunt</span> <span class='ocrx_word' id='word_1_58' title='bbox 1446 2477 1481 2537; x_wconf 93' lang='lat' dir='ltr'>in</span> 
     </span>
     <span class='ocr_line' id='line_1_10' title="bbox 309 2579 1482 2664; baseline -0.001 -18"><span class='ocrx_word' id='word_1_59' title='bbox 309 2581 499 2663; x_wconf 89' lang='lat' dir='ltr'>Demiurgo,</span> <span class='ocrx_word' id='word_1_60' title='bbox 523 2581 599 2663; x_wconf 90' lang='lat' dir='ltr'>quia</span> <span class='ocrx_word' id='word_1_61' title='bbox 624 2583 659 2644; x_wconf 94' lang='lat' dir='ltr'>in</span> <span class='ocrx_word' id='word_1_62' title='bbox 682 2604 702 2642; x_wconf 89' lang='lat'>«</span> <span class='ocrx_word' id='word_1_63' title='bbox 721 2583 897 2645; x_wconf 87' lang='lat' dir='ltr'>Timaeo»</span> <span class='ocrx_word' id='word_1_64' title='bbox 922 2579 1013 2644; x_wconf 93' lang='lat' dir='ltr'>nulla</span> <span class='ocrx_word' id='word_1_65' title='bbox 1036 2582 1168 2664; x_wconf 87' lang='lat' dir='ltr'>vestigia</span> <span class='ocrx_word' id='word_1_66' title='bbox 1193 2580 1291 2645; x_wconf 91' lang='lat' dir='ltr'>huius</span> <span class='ocrx_word' id='word_1_67' title='bbox 1314 2583 1482 2664; x_wconf 89' lang='lat' dir='ltr'>opinionis</span> 
     </span>
     <span class='ocr_line' id='line_1_11' title="bbox 311 2687 1482 2772; baseline 0.003 -22"><span class='ocrx_word' id='word_1_68' title='bbox 311 2688 535 2751; x_wconf 90' lang='lat' dir='ltr'>inveniuntur.</span> <span class='ocrx_word' id='word_1_69' title='bbox 561 2688 757 2772; x_wconf 88' lang='lat' dir='ltr'>Demiurgus</span> <span class='ocrx_word' id='word_1_70' title='bbox 778 2701 824 2752; x_wconf 91' lang='lat' dir='ltr'>est</span> <span class='ocrx_word' id='word_1_71' title='bbox 846 2689 992 2770; x_wconf 91' lang='lat' dir='ltr'>superior</span> <span class='ocrx_word' id='word_1_72' title='bbox 1012 2687 1103 2766; x_wconf 91' lang='lat' dir='ltr'>ideis,</span> <span class='ocrx_word' id='word_1_73' title='bbox 1124 2708 1207 2772; x_wconf 87' lang='lat' dir='ltr'>quae</span> <span class='ocrx_word' id='word_1_74' title='bbox 1229 2708 1297 2753; x_wconf 92' lang='lat' dir='ltr'>non</span> <span class='ocrx_word' id='word_1_75' title='bbox 1320 2701 1397 2753; x_wconf 91' lang='lat' dir='ltr'>sunt</span> <span class='ocrx_word' id='word_1_76' title='bbox 1418 2690 1482 2753; x_wconf 91' lang='lat' dir='ltr'>nisi</span> 
     </span>
     <span class='ocr_line' id='line_1_12' title="bbox 305 2791 799 2876; baseline 0.01 -25"><span class='ocrx_word' id='word_1_77' title='bbox 305 2791 506 2876; x_wconf 70' lang='lat' dir='ltr'>‚exemplaria</span> <span class='ocrx_word' id='word_1_78' title='bbox 526 2795 560 2856; x_wconf 91' lang='lat' dir='ltr'>in</span> <span class='ocrx_word' id='word_1_79' title='bbox 579 2816 599 2854; x_wconf 89' lang='lat'>«</span> <span class='ocrx_word' id='word_1_80' title='bbox 613 2795 762 2858; x_wconf 81' lang='lat' dir='ltr'>Timaeo</span> <span class='ocrx_word' id='word_1_81' title='bbox 779 2819 799 2856; x_wconf 90' lang='lat'>»</span> 
     </span>
    </p>

    <p class='ocr_par' dir='ltr' id='par_1_6' title="bbox 311 2899 1488 3736">
     <span class='ocr_line' id='line_1_13' title="bbox 391 2899 1483 2986; baseline 0.003 -22"><span class='ocrx_word' id='word_1_82' title='bbox 391 2899 458 2964; x_wconf 92' lang='lat' dir='ltr'>Nos</span> <span class='ocrx_word' id='word_1_83' title='bbox 480 2912 634 2982; x_wconf 88' lang='lat' dir='ltr'>putamus</span> <span class='ocrx_word' id='word_1_84' title='bbox 656 2903 871 2985; x_wconf 91' lang='lat' dir='ltr'>Demiurgum</span> <span class='ocrx_word' id='word_1_85' title='bbox 893 2914 923 2966; x_wconf 94' lang='lat' dir='ltr'>et</span> <span class='ocrx_word' id='word_1_86' title='bbox 946 2902 1053 2965; x_wconf 92' lang='lat' dir='ltr'>ideam</span> <span class='ocrx_word' id='word_1_87' title='bbox 1079 2902 1157 2964; x_wconf 93' lang='lat' dir='ltr'>boni</span> <span class='ocrx_word' id='word_1_88' title='bbox 1182 2922 1250 2966; x_wconf 92' lang='lat' dir='ltr'>esse</span> <span class='ocrx_word' id='word_1_89' title='bbox 1272 2902 1370 2980; x_wconf 91' lang='lat' dir='ltr'>idem,</span> <span class='ocrx_word' id='word_1_90' title='bbox 1394 2903 1483 2986; x_wconf 93' lang='lat' dir='ltr'>quod</span> 
     </span>
     <span class='ocr_line' id='line_1_14' title="bbox 311 3008 1482 3092; baseline 0 -20"><span class='ocrx_word' id='word_1_91' title='bbox 311 3028 349 3073; x_wconf 85' lang='lat' dir='ltr'>ex</span> <span class='ocrx_word' id='word_1_92' title='bbox 379 3008 524 3090; x_wconf 90' lang='lat' dir='ltr'>sequenti</span> <span class='ocrx_word' id='word_1_93' title='bbox 559 3010 801 3090; x_wconf 89' lang='lat' dir='ltr'>comparatione</span> <span class='ocrx_word' id='word_1_94' title='bbox 833 3021 918 3092; x_wconf 92' lang='lat' dir='ltr'>patet</span> <span class='ocrx_word' id='word_1_95' title='bbox 947 3034 954 3074; x_wconf 90' lang='lat'>:</span> <span class='ocrx_word' id='word_1_96' title='bbox 991 3008 1062 3072; x_wconf 92' lang='lat' dir='ltr'>idea</span> <span class='ocrx_word' id='word_1_97' title='bbox 1093 3009 1172 3072; x_wconf 93' lang='lat' dir='ltr'>boni</span> <span class='ocrx_word' id='word_1_98' title='bbox 1206 3022 1252 3073; x_wconf 92' lang='lat' dir='ltr'>est</span> <span class='ocrx_word' id='word_1_99' title='bbox 1283 3011 1482 3092; x_wconf 90' lang='lat' dir='ltr'>principium</span> 
     </span>
     <span class='ocr_line' id='line_1_15' title="bbox 311 3115 1482 3200; baseline 0.001 -21"><span class='ocrx_word' id='word_1_100' title='bbox 311 3115 455 3179; x_wconf 90' lang='lat' dir='ltr'>universi</span> <span class='ocrx_word' id='word_1_101' title='bbox 486 3116 514 3191; x_wconf 89' lang='lat'>¹,</span> <span class='ocrx_word' id='word_1_102' title='bbox 552 3116 669 3198; x_wconf 88' lang='lat' dir='ltr'>pariter</span> <span class='ocrx_word' id='word_1_103' title='bbox 701 3128 731 3179; x_wconf 88' lang='lat' dir='ltr'>et</span> <span class='ocrx_word' id='word_1_104' title='bbox 767 3116 963 3200; x_wconf 91' lang='lat' dir='ltr'>Demiurgus</span> <span class='ocrx_word' id='word_1_105' title='bbox 1000 3128 1046 3180; x_wconf 90' lang='lat' dir='ltr'>est</span> <span class='ocrx_word' id='word_1_106' title='bbox 1084 3118 1246 3198; x_wconf 88' lang='lat' dir='ltr'>optimum</span> <span class='ocrx_word' id='word_1_107' title='bbox 1284 3117 1482 3199; x_wconf 90' lang='lat' dir='ltr'>principium</span> 
     </span>
     <span class='ocr_line' id='line_1_16' title="bbox 312 3221 1486 3307; baseline 0.001 -22"><span class='ocrx_word' id='word_1_108' title='bbox 312 3221 529 3306; x_wconf 88' lang='lat' dir='ltr'>generationis</span> <span class='ocrx_word' id='word_1_109' title='bbox 557 3234 587 3285; x_wconf 94' lang='lat' dir='ltr'>et</span> <span class='ocrx_word' id='word_1_110' title='bbox 617 3223 760 3285; x_wconf 90' lang='lat' dir='ltr'>universi</span> <span class='ocrx_word' id='word_1_111' title='bbox 782 3223 805 3286; x_wconf 75' lang='lat'>³.</span> <span class='ocrx_word' id='word_1_112' title='bbox 835 3225 1031 3307; x_wconf 90' lang='lat' dir='ltr'>Demiurgus</span> <span class='ocrx_word' id='word_1_113' title='bbox 1058 3235 1104 3287; x_wconf 94' lang='lat' dir='ltr'>est</span> <span class='ocrx_word' id='word_1_114' title='bbox 1131 3225 1276 3305; x_wconf 88' lang='lat' dir='ltr'>optimus</span> <span class='ocrx_word' id='word_1_115' title='bbox 1297 3225 1321 3299; x_wconf 83' lang='lat'>³,</span> <span class='ocrx_word' id='word_1_116' title='bbox 1346 3236 1376 3287; x_wconf 87' lang='lat' dir='ltr'>et</span> <span class='ocrx_word' id='word_1_117' title='bbox 1404 3226 1486 3306; x_wconf 91' lang='lat' dir='ltr'>opti-</span> 
     </span>
     <span class='ocr_line' id='line_1_17' title="bbox 314 3327 1485 3413; baseline 0.004 -23"><span class='ocrx_word' id='word_1_118' title='bbox 314 3346 389 3390; x_wconf 88' lang='lat' dir='ltr'>mus</span> <span class='ocrx_word' id='word_1_119' title='bbox 413 3327 669 3413; x_wconf 90' lang='lat' dir='ltr'>intelligibilium</span> <span class='ocrx_word' id='word_1_120' title='bbox 694 3331 1030 3413; x_wconf 91' lang='lat' dir='ltr'>sempiternarumque</span> <span class='ocrx_word' id='word_1_121' title='bbox 1055 3350 1163 3394; x_wconf 89' lang='lat' dir='ltr'>rerum</span> <span class='ocrx_word' id='word_1_122' title='bbox 1181 3332 1213 3406; x_wconf 74' lang='lat'>⁴3</span> <span class='ocrx_word' id='word_1_123' title='bbox 1240 3331 1388 3394; x_wconf 92' lang='lat' dir='ltr'>similiter</span> <span class='ocrx_word' id='word_1_124' title='bbox 1414 3331 1485 3395; x_wconf 88' lang='lat' dir='ltr'>idea</span> 
     </span>
     <span class='ocr_line' id='line_1_18' title="bbox 314 3433 1487 3521; baseline 0.004 -24"><span class='ocrx_word' id='word_1_125' title='bbox 314 3433 393 3498; x_wconf 92' lang='lat' dir='ltr'>boni</span> <span class='ocrx_word' id='word_1_126' title='bbox 426 3446 473 3498; x_wconf 88' lang='lat' dir='ltr'>est</span> <span class='ocrx_word' id='word_1_127' title='bbox 505 3437 780 3517; x_wconf 86' lang='lat' dir='ltr'>praestantissima</span> <span class='ocrx_word' id='word_1_128' title='bbox 814 3457 869 3501; x_wconf 88' lang='lat' dir='ltr'>seu</span> <span class='ocrx_word' id='word_1_129' title='bbox 900 3439 1024 3520; x_wconf 88' lang='lat' dir='ltr'>optima</span> <span class='ocrx_word' id='word_1_130' title='bbox 1056 3457 1168 3501; x_wconf 90' lang='lat' dir='ltr'>eorum</span> <span class='ocrx_word' id='word_1_131' title='bbox 1203 3457 1286 3521; x_wconf 93' lang='lat' dir='ltr'>quae</span> <span class='ocrx_word' id='word_1_132' title='bbox 1317 3449 1393 3500; x_wconf 91' lang='lat' dir='ltr'>sunt</span> <span class='ocrx_word' id='word_1_133' title='bbox 1418 3440 1429 3474; x_wconf 81' lang='lat'>&#39;⁵</span> <span class='ocrx_word' id='word_1_134' title='bbox 1456 3452 1487 3502; x_wconf 92' lang='lat' dir='ltr'>et</span> 
     </span>
     <span class='ocr_line' id='line_1_19' title="bbox 313 3541 1487 3628; baseline 0.003 -23"><span class='ocrx_word' id='word_1_135' title='bbox 313 3541 493 3606; x_wconf 91' lang='lat' dir='ltr'>clarissima</span> <span class='ocrx_word' id='word_1_136' title='bbox 510 3543 533 3605; x_wconf 79' lang='lat'>⁰.</span> <span class='ocrx_word' id='word_1_137' title='bbox 556 3543 646 3606; x_wconf 89' lang='lat' dir='ltr'>Sicut</span> <span class='ocrx_word' id='word_1_138' title='bbox 667 3545 701 3605; x_wconf 90' lang='lat' dir='ltr'>in</span> <span class='ocrx_word' id='word_1_139' title='bbox 723 3565 742 3603; x_wconf 90' lang='lat'>«</span> <span class='ocrx_word' id='word_1_140' title='bbox 764 3544 981 3626; x_wconf 86' lang='lat' dir='ltr'>Republica»</span> <span class='ocrx_word' id='word_1_141' title='bbox 1005 3544 1073 3608; x_wconf 86' lang='lat' dir='ltr'>sola</span> <span class='ocrx_word' id='word_1_142' title='bbox 1094 3544 1164 3608; x_wconf 92' lang='lat' dir='ltr'>idea</span> <span class='ocrx_word' id='word_1_143' title='bbox 1187 3545 1264 3608; x_wconf 93' lang='lat' dir='ltr'>boni</span> <span class='ocrx_word' id='word_1_144' title='bbox 1291 3556 1338 3608; x_wconf 93' lang='lat' dir='ltr'>est</span> <span class='ocrx_word' id='word_1_145' title='bbox 1362 3546 1487 3628; x_wconf 91' lang='lat' dir='ltr'>optima</span> 
     </span>
     <span class='ocr_line' id='line_1_20' title="bbox 315 3649 1488 3736; baseline 0.003 -23"><span class='ocrx_word' id='word_1_146' title='bbox 315 3668 412 3713; x_wconf 91' lang='lat' dir='ltr'>causa</span> <span class='ocrx_word' id='word_1_147' title='bbox 436 3650 464 3725; x_wconf 83' lang='lat'>⁷,</span> <span class='ocrx_word' id='word_1_148' title='bbox 491 3649 533 3712; x_wconf 92' lang='lat' dir='ltr'>ita</span> <span class='ocrx_word' id='word_1_149' title='bbox 563 3650 597 3711; x_wconf 90' lang='lat' dir='ltr'>in</span> <span class='ocrx_word' id='word_1_150' title='bbox 625 3672 645 3710; x_wconf 88' lang='lat'>«</span> <span class='ocrx_word' id='word_1_151' title='bbox 663 3650 840 3714; x_wconf 87' lang='lat' dir='ltr'>Timaeo»</span> <span class='ocrx_word' id='word_1_152' title='bbox 864 3651 993 3715; x_wconf 85' lang='lat' dir='ltr'>bonitas</span> <span class='ocrx_word' id='word_1_153' title='bbox 1021 3652 1188 3736; x_wconf 90' lang='lat' dir='ltr'>Demiurgi</span> <span class='ocrx_word' id='word_1_154' title='bbox 1218 3664 1264 3716; x_wconf 90' lang='lat' dir='ltr'>est</span> <span class='ocrx_word' id='word_1_155' title='bbox 1289 3671 1386 3716; x_wconf 86' lang='lat' dir='ltr'>causa</span> <span class='ocrx_word' id='word_1_156' title='bbox 1414 3654 1488 3716; x_wconf 91' lang='lat' dir='ltr'>uni·</span> 
     </span>
    </p>
   </div>
   <div class='ocr_carea' id='block_1_5' title="bbox 316 3852 1488 4402">
    <p class='ocr_par' dir='ltr' id='par_1_7' title="bbox 380 3852 730 3919">
     <span class='ocr_line' id='line_1_21' title="bbox 380 3852 730 3919; baseline 0.014 -18"><span class='ocrx_word' id='word_1_157' title='bbox 380 3867 400 3902; x_wconf 87' lang='lat' dir='ltr'>r.</span> <span class='ocrx_word' id='word_1_158' title='bbox 419 3852 510 3918; x_wconf 83' lang='lat' dir='ltr'>Resp,</span> <span class='ocrx_word' id='word_1_159' title='bbox 524 3852 568 3913; x_wconf 93' lang='lat' dir='ltr'>v1,</span> <span class='ocrx_word' id='word_1_160' title='bbox 585 3867 611 3919; x_wconf 91' lang='lat' dir='ltr'>p.</span> <span class='ocrx_word' id='word_1_161' title='bbox 628 3853 679 3904; x_wconf 81' lang='lat'>511</span> <span class='ocrx_word' id='word_1_162' title='bbox 699 3857 730 3906; x_wconf 89' lang='lat' dir='ltr'>B.</span> 
     </span>
    </p>

    <p class='ocr_par' dir='ltr' id='par_1_8' title="bbox 316 3929 1488 4078">
     <span class='ocr_line' id='line_1_22' title="bbox 378 3929 1488 4004; baseline 0.009 -22"><span class='ocrx_word' id='word_1_163' title='bbox 378 3947 402 3983; x_wconf 86' lang='lat'>2.</span> <span class='ocrx_word' id='word_1_164' title='bbox 422 3931 506 3993; x_wconf 70' lang='lat' dir='ltr'>Tim„</span> <span class='ocrx_word' id='word_1_165' title='bbox 526 3948 557 3999; x_wconf 85' lang='lat'>29</span> <span class='ocrx_word' id='word_1_166' title='bbox 575 3935 607 3984; x_wconf 86' lang='lat' dir='ltr'>E.</span> <span class='ocrx_word' id='word_1_167' title='bbox 629 3935 721 3987; x_wconf 89' lang='lat' dir='ltr'>Bonus</span> <span class='ocrx_word' id='word_1_168' title='bbox 741 3935 904 4001; x_wconf 90' lang='lat' dir='ltr'>Demiurgus</span> <span class='ocrx_word' id='word_1_169' title='bbox 923 3946 964 3987; x_wconf 92' lang='lat' dir='ltr'>est</span> <span class='ocrx_word' id='word_1_170' title='bbox 981 3930 1044 4002; x_wconf 74' lang='grc' dir='ltr'>ἁρχὴ</span> <span class='ocrx_word' id='word_1_171' title='bbox 1061 3929 1192 4003; x_wconf 70' lang='grc' dir='ltr'>κυριωτάτη</span> <span class='ocrx_word' id='word_1_172' title='bbox 1210 3933 1318 4004; x_wconf 64' lang='grc' dir='ltr'>γινέσῑως</span> <span class='ocrx_word' id='word_1_173' title='bbox 1333 3931 1374 3983; x_wconf 73' lang='grc' dir='ltr'>καὶ</span> <span class='ocrx_word' id='word_1_174' title='bbox 1392 3933 1488 4004; x_wconf 62' lang='grc' dir='ltr'>κόσμου·</span> 
     </span>
     <span class='ocr_line' id='line_1_23' title="bbox 316 4008 638 4078; baseline -0.012 -15"><span class='ocrx_word' id='word_1_175' title='bbox 316 4025 344 4078; x_wconf 81' lang='lat'>41</span> <span class='ocrx_word' id='word_1_176' title='bbox 363 4013 399 4063; x_wconf 87' lang='lat' dir='ltr'>A.</span> <span class='ocrx_word' id='word_1_177' title='bbox 418 4008 445 4058; x_wconf 83' lang='grc' dir='ltr'>τὸ</span> <span class='ocrx_word' id='word_1_178' title='bbox 458 4008 505 4058; x_wconf 78' lang='grc' dir='ltr'>πᾶν</span> <span class='ocrx_word' id='word_1_179' title='bbox 519 4008 638 4078; x_wconf 69' lang='grc' dir='ltr'>γεννήσας.</span> 
     </span>
    </p>

    <p class='ocr_par' dir='ltr' id='par_1_9' title="bbox 380 4088 754 4159">
     <span class='ocr_line' id='line_1_24' title="bbox 380 4088 754 4159; baseline 0.019 -16"><span class='ocrx_word' id='word_1_180' title='bbox 380 4092 403 4144; x_wconf 79' lang='lat'>3.</span> <span class='ocrx_word' id='word_1_181' title='bbox 426 4093 510 4156; x_wconf 76' lang='lat' dir='ltr'>Tim,</span> <span class='ocrx_word' id='word_1_182' title='bbox 532 4095 563 4146; x_wconf 83' lang='lat'>30</span> <span class='ocrx_word' id='word_1_183' title='bbox 583 4097 605 4146; x_wconf 82' lang='grc' dir='ltr'><em>Α</em></span> <span class='ocrx_word' id='word_1_184' title='bbox 629 4088 754 4159; x_wconf 66' lang='lat' dir='ltr'>:riperta</span> 
     </span>
    </p>

    <p class='ocr_par' dir='ltr' id='par_1_10' title="bbox 379 4170 1090 4242">
     <span class='ocr_line' id='line_1_25' title="bbox 379 4170 1090 4242; baseline 0.003 -19"><span class='ocrx_word' id='word_1_185' title='bbox 379 4189 406 4238; x_wconf 90' lang='lat'>4.</span> <span class='ocrx_word' id='word_1_186' title='bbox 430 4174 513 4235; x_wconf 80' lang='lat' dir='ltr'>Tim,</span> <span class='ocrx_word' id='word_1_187' title='bbox 537 4175 567 4242; x_wconf 83' lang='lat'>37</span> <span class='ocrx_word' id='word_1_188' title='bbox 587 4179 609 4227; x_wconf 85' lang='lat' dir='ltr'><strong><em>A</em></strong></span> <span class='ocrx_word' id='word_1_189' title='bbox 633 4177 703 4226; x_wconf 74' lang='grc' dir='ltr'>ιτῶν</span> <span class='ocrx_word' id='word_1_190' title='bbox 716 4177 802 4226; x_wconf 77' lang='grc' dir='ltr'>νοητῶν</span> <span class='ocrx_word' id='word_1_191' title='bbox 815 4170 852 4223; x_wconf 74' lang='grc' dir='ltr'>ἀεί</span> <span class='ocrx_word' id='word_1_192' title='bbox 866 4192 891 4223; x_wconf 80' lang='grc' dir='ltr'>τι</span> <span class='ocrx_word' id='word_1_193' title='bbox 905 4173 976 4224; x_wconf 79' lang='grc' dir='ltr'>ὄντων</span> <span class='ocrx_word' id='word_1_194' title='bbox 988 4173 1090 4242; x_wconf 64' lang='grc' dir='ltr'>ἄριστος.</span> 
     </span>
    </p>

    <p class='ocr_par' dir='ltr' id='par_1_11' title="bbox 377 4250 1110 4324">
     <span class='ocr_line' id='line_1_26' title="bbox 377 4250 1110 4324; baseline -0.003 -21"><span class='ocrx_word' id='word_1_195' title='bbox 377 4253 400 4304; x_wconf 89' lang='grc'>5.</span> <span class='ocrx_word' id='word_1_196' title='bbox 425 4254 517 4321; x_wconf 65' lang='lat' dir='ltr'>Resp„</span> <span class='ocrx_word' id='word_1_197' title='bbox 540 4257 597 4318; x_wconf 89' lang='lat' dir='ltr'>Vll,</span> <span class='ocrx_word' id='word_1_198' title='bbox 621 4273 647 4324; x_wconf 92' lang='lat' dir='ltr'>p.</span> <span class='ocrx_word' id='word_1_199' title='bbox 667 4257 712 4309; x_wconf 83' lang='lat'>532</span> <span class='ocrx_word' id='word_1_200' title='bbox 736 4255 823 4311; x_wconf 73' lang='grc' dir='ltr'>Οετὸ</span> <span class='ocrx_word' id='word_1_201' title='bbox 836 4251 929 4322; x_wconf 76' lang='grc' dir='ltr'>ἄριστον</span> <span class='ocrx_word' id='word_1_202' title='bbox 943 4255 965 4305; x_wconf 76' lang='grc' dir='ltr'>ἰν</span> <span class='ocrx_word' id='word_1_203' title='bbox 980 4255 1027 4314; x_wconf 77' lang='grc' dir='ltr'>ταῖς</span> <span class='ocrx_word' id='word_1_204' title='bbox 1040 4250 1110 4307; x_wconf 75' lang='grc' dir='ltr'>οὖσιν.</span> 
     </span>
    </p>

    <p class='ocr_par' dir='ltr' id='par_1_12' title="bbox 382 4333 1068 4402">
     <span class='ocr_line' id='line_1_27' title="bbox 382 4333 1068 4402; baseline 0.004 -19"><span class='ocrx_word' id='word_1_205' title='bbox 382 4333 408 4383; x_wconf 80' lang='grc'>6.</span> <span class='ocrx_word' id='word_1_206' title='bbox 432 4333 544 4397; x_wconf 90' lang='lat' dir='ltr'>lbidem,</span> <span class='ocrx_word' id='word_1_207' title='bbox 569 4352 594 4402; x_wconf 88' lang='lat' dir='ltr'>p.</span> <span class='ocrx_word' id='word_1_208' title='bbox 616 4338 667 4389; x_wconf 87' lang='lat'>518</span> <span class='ocrx_word' id='word_1_209' title='bbox 690 4339 712 4388; x_wconf 87' lang='lat' dir='ltr'><strong><em>C</em></strong></span> <span class='ocrx_word' id='word_1_210' title='bbox 733 4357 740 4388; x_wconf 71' lang='grc' dir='ltr'>ς</span> <span class='ocrx_word' id='word_1_211' title='bbox 760 4338 800 4384; x_wconf 78' lang='grc' dir='ltr'>τοῦ</span> <span class='ocrx_word' id='word_1_212' title='bbox 814 4333 877 4391; x_wconf 81' lang='grc' dir='ltr'>ὄντος</span> <span class='ocrx_word' id='word_1_213' title='bbox 890 4335 916 4385; x_wconf 77' lang='grc' dir='ltr'>τὸ</span> <span class='ocrx_word' id='word_1_214' title='bbox 929 4336 1068 4402; x_wconf 77' lang='grc' dir='ltr'>φανότατον.</span> 
     </span>
    </p>
   </div>
   <div class='ocr_carea' id='block_1_6' title="bbox 380 4415 1491 4484">
    <p class='ocr_par' dir='ltr' id='par_1_13' title="bbox 380 4415 1491 4484">
     <span class='ocr_line' id='line_1_28' title="bbox 380 4415 1491 4484; baseline 0.008 -19"><span class='ocrx_word' id='word_1_215' title='bbox 380 4429 403 4478; x_wconf 88' lang='grc'>7.</span> <span class='ocrx_word' id='word_1_216' title='bbox 427 4415 652 4484; x_wconf 79' lang='lat' dir='ltr'>Resp.,vu,517</span> <span class='ocrx_word' id='word_1_217' title='bbox 669 4419 744 4470; x_wconf 90' lang='lat' dir='ltr'>C.—</span> <span class='ocrx_word' id='word_1_218' title='bbox 765 4419 794 4469; x_wconf 93' lang='lat' dir='ltr'>ln</span> <span class='ocrx_word' id='word_1_219' title='bbox 815 4419 866 4471; x_wconf 90' lang='lat' dir='ltr'>hoc</span> <span class='ocrx_word' id='word_1_220' title='bbox 882 4429 956 4471; x_wconf 84' lang='lat' dir='ltr'>textu</span> <span class='ocrx_word' id='word_1_221' title='bbox 975 4421 1074 4473; x_wconf 90' lang='lat' dir='ltr'>dicitur</span> <span class='ocrx_word' id='word_1_222' title='bbox 1089 4421 1176 4473; x_wconf 90' lang='lat' dir='ltr'>ideam</span> <span class='ocrx_word' id='word_1_223' title='bbox 1196 4423 1260 4473; x_wconf 90' lang='lat' dir='ltr'>boni</span> <span class='ocrx_word' id='word_1_224' title='bbox 1278 4437 1382 4475; x_wconf 86' lang='lat' dir='ltr'>creasse</span> <span class='ocrx_word' id='word_1_225' title='bbox 1403 4422 1491 4474; x_wconf 90' lang='lat' dir='ltr'>lucem</span> 
     </span>
    </p>
   </div>
   <div class='ocr_carea' id='block_1_7' title="bbox 0 0 1668 5536">
    <p class='ocr_par' dir='ltr' id='par_1_14' title="bbox 0 0 1668 5536">
     <span class='ocr_line' id='line_1_29' title="bbox 0 0 1668 5536; baseline 0 0"><span class='ocrx_word' id='word_1_226' title='bbox 0 0 1668 5536; x_wconf 95' lang='lat' dir='ltr'> </span> 
     </span>
    </p>
   </div>
  </div>
 </body>
</html>
