3278 5542
532 905 670 962 Relatio
689 906 786 961 inter
804 905 979 960 mundum
998 908 1036 960 et
1054 911 1112 960 νοῦν.

318 1083 469 1165 Superest
487 1095 522 1145 ut
541 1083 738 1146 disseramus
753 1082 792 1145 de
807 1081 961 1144 relatione
976 1079 1156 1144 intellectus
1170 1081 1211 1144 ad
1228 1081 1409 1146 mundum.

238 1191 431 1254 Cavendum
452 1202 498 1253 est
520 1209 560 1252 ne
579 1188 825 1252 confundamus
844 1190 1067 1271 quaestionem
1088 1188 1127 1251 de
1148 1200 1262 1252 natura
1284 1189 1413 1252 intelle·

237 1309 306 1360 ctus
334 1297 422 1360 illius
451 1317 526 1360 cum
558 1297 746 1379 quaestione
779 1296 818 1358 de
849 1295 949 1358 modo
975 1294 1258 1377 (Durchfuhrung)
1288 1298 1311 1371 ¹,
1341 1316 1411 1379 quo

236 1406 445 1487 Anaxagoras
466 1403 527 1466 hoc
548 1404 708 1485 principio
731 1404 764 1463 in
787 1400 979 1483 explicando
1000 1421 1079 1464 usus
1098 1414 1153 1465 est.
1177 1403 1224 1465 De
1246 1401 1306 1465 hac
1329 1403 1412 1467 rela-

235 1513 335 1588 tione,
363 1531 445 1594 quae
472 1530 538 1573 una
567 1529 605 1571 ex
630 1508 834 1572 difficillimis
861 1509 1107 1591 quaestionibus
1135 1521 1192 1583 est,
1220 1510 1411 1575 Aristoteles

236 1637 351 1700 parum
372 1618 460 1681 dicit.
482 1623 554 1686 Νοῦς
575 1617 722 1680 distinxit
744 1636 792 1678 res
813 1628 843 1678 et
864 1616 1015 1697 produxit
1037 1629 1163 1680 motum
1185 1628 1215 1680 et
1236 1630 1283 1680 est
1303 1619 1332 1679 ἐν
1351 1630 1411 1688 τοῖς

235 1730 312 1809 ζῴοις
330 1725 374 1787 καὶ
397 1726 423 1786 ἐν
446 1735 480 1808 τῇ
499 1730 573 1808 φύσει
590 1725 622 1797 2;
639 1723 807 1805 quomodo
827 1722 905 1785 haec
924 1722 1004 1785 fiant
1020 1735 1050 1786 et
1068 1722 1236 1805 quomodo
1258 1724 1411 1788 immate-

236 1831 313 1895 riale
337 1834 378 1894 sit
400 1844 429 1894 et
454 1843 601 1914 operetur
627 1831 660 1891 in
685 1829 747 1893 hoc
773 1830 936 1906 univers0,
963 1830 1002 1893 de
1029 1829 1115 1893 hisce
1139 1830 1288 1912 Stagirita
1310 1843 1406 1895 tacet.

237 1940 306 2021 lpse
328 1937 513 2001 Aristoteles
536 1949 592 2000 aut
616 1956 683 1999 non
708 1936 789 2000 bene
814 1938 971 2019 perspexit
995 1937 1079 1999 hanc
1100 1938 1324 2019 quaestionem
1350 1952 1410 2002 aut

234 2046 444 2127 Anaxagorae
466 2043 571 2106 noluit
593 2043 774 2118 attribuere,
798 2044 886 2125 quod
909 2043 961 2105 hic
984 2041 1115 2107 fortasse
1136 2042 1227 2106 aliter
1249 2043 1409 2108 intellexit

235 2172 334 2235 quam
360 2152 522 2233 expressit.
550 2150 583 2213 Si
610 2150 697 2212 enim
719 2162 777 2218 νοῦς
802 2151 942 2212 sumitur
965 2162 1000 2212 ut
1023 2151 1176 2232 potentia,
1198 2169 1281 2232 quae
1307 2170 1407 2234 supra

235 2260 403 2322 materiam
417 2270 474 2334 est,
486 2270 581 2340 atque
594 2270 629 2319 ut
641 2258 838 2338 principium
854 2256 1077 2333 immateriale,
1090 2258 1155 2319 iam
1167 2256 1405 2335 difficillimum

234 2379 280 2429 est
294 2364 482 2429 relationem
500 2367 583 2427 inter
597 2364 658 2427 hoc
674 2364 870 2445 principium
888 2376 917 2426 et
933 2365 1100 2427 materiam
1116 2364 1341 2429 determinare.

314 2474 424 2556 Ipsum
449 2485 557 2534 autem
583 2484 721 2553 systema
745 2490 1002 2552 anaxagoraeum
1033 2470 1107 2533 fons
1134 2484 1180 2534 est
1201 2470 1406 2535 difficultatis

234 2583 396 2644 maximae
426 2604 432 2642 :
465 2579 542 2642 hinc
576 2598 718 2660 namque
745 2591 817 2653 νοῦν,
850 2579 925 2642 inde
954 2598 1029 2641 vero
1063 2580 1230 2642 materiam
1265 2581 1403 2644 inertem

233 2689 352 2763 statuit,
380 2707 438 2751 ceu
467 2687 533 2750 duo
561 2685 677 2748 mundi
707 2686 875 2767 principia.
905 2685 1081 2765 Quomodo
1109 2706 1183 2769 ergo
1209 2687 1243 2749 in
1274 2688 1404 2751 mundo

232 2796 382 2859 ordinato
408 2797 472 2877 jam
501 2814 556 2876 per
580 2791 790 2868 intellectum,
815 2805 934 2868 motus,
958 2794 1023 2855 vita
1048 2813 1103 2857 seu
1129 2795 1252 2870 anima,
1275 2796 1405 2860 anima·

220 2902 313 2966 ‘lium
343 2902 544 2985 operationes
572 2914 602 2963 et
632 2899 862 2963 intellectuales
892 2900 1067 2964 hominum
1097 2913 1187 2964 actus
1214 2901 1403 2984 explicare?

232 3010 355 3072 Relatio
383 3021 428 3071 νοῦ
454 3009 495 3072 ad
525 3009 583 3070 ista
610 3006 814 3089 particularia
843 3019 888 3070 est
916 3005 1112 3070 difficillima
1139 3009 1172 3069 in
1200 3010 1269 3090 ejus
1296 3009 1403 3091 philo-

231 3117 356 3199 sophia,
380 3136 485 3199 neque
505 3117 581 3178 satis
600 3111 766 3195 explicata.

228 3323 302 3387 φὺοιν.
323 3321 409 3370 ’'Erute
431 3321 455 3369 di
473 3321 543 3369 τοῦτο’
562 3342 586 3384 γε
604 3325 661 3371 odra
683 3322 756 3376 καλῶς
775 3322 930 3385 Ἀναξαγόρας
949 3323 1037 3384 laprio·
1060 3322 1086 3375 ἐξ
1103 3325 1214 3376 ἀκινήτων
1230 3323 1275 3385 γὰρ
1295 3324 1403 3386 ἄρχεται

228 3407 380 3463 κοομοποιῑν.

293 3498 314 3532 1.
330 3482 418 3532 Zeller
437 3492 580 3547 utramque
594 3484 782 3546 quaestionem
795 3481 938 3531 confundit
957 3491 983 3531 et
1003 3492 1081 3545 negat
1096 3487 1148 3529 νοῦν
1162 3495 1221 3531 esse
1239 3479 1402 3532 immateria-

229 3563 291 3614 lem.
307 3579 322 3611 «
337 3561 406 3612 Phil.
423 3563 448 3612 d.
465 3562 511 3612 Gr.
527 3579 550 3622 ν,
567 3563 576 3612 l
592 3563 655 3621 Th,
672 3579 689 3612 u
706 3561 811 3621 llaeifte,
828 3576 853 3626 p.
869 3575 938 3626 994:
954 3577 969 3608 ιι
984 3560 1054 3611 Weil
1070 3575 1099 3611 er
1113 3562 1219 3624 (Anax.)
1230 3560 1278 3610 des
1293 3560 1400 3613 Geistes

226 3643 365 3693 zunaechst
386 3657 439 3692 nur
458 3641 500 3692 sur
520 3643 572 3693 den
595 3645 692 3694 Zueck
714 3643 761 3693 der
781 3641 1020 3706 Naturerklaerung
1042 3641 1144 3703 bedari,
1165 3656 1195 3691 so
1219 3640 1287 3691 wird
1310 3641 1400 3693 dieses

228 3738 296 3774 neue
310 3723 418 3788 Prinzip
428 3723 520 3773 weder
530 3722 586 3773 rein
597 3725 705 3788 gefasst,
723 3723 792 3772 noch
809 3732 900 3785 streng
915 3722 970 3772 und
987 3720 1156 3786 folgerichtig
1169 3720 1400 3786 durchgeliihrt.»

289 3820 311 3855 2.
335 3805 345 3854 1
365 3804 403 3854 De
424 3802 522 3864 anima,
545 3821 574 3864 n,
598 3821 623 3870 p.
643 3805 702 3870 434,
719 3819 744 3852 v.
767 3816 802 3867 ¹4·
826 3803 863 3848 Ἐν
882 3806 954 3849 &naar
973 3806 1017 3866 γὰρ
1038 3802 1154 3865 ὑπάρχειν
1173 3804 1244 3849 αὐτὸν
1265 3804 1312 3865 (sc.
1333 3804 1399 3866 νοῦν)

226 3893 275 3938 τοῖς
290 3892 365 3952 ζῴοις,
382 3887 418 3934 καὶ
432 3887 541 3945 psyilos
556 3887 593 3934 καὶ
603 3893 707 3948 μικροῖς,
720 3883 757 3932 καὶ
771 3885 857 3944 τιμίοις
872 3884 910 3930 καὶ
926 3888 1085 3947 ἀτιμοτέροις.
