3278 5536
233 739 354 805 habent
374 739 491 822 partim
514 737 716 822 angustiores
731 736 783 820 (39
804 737 832 800 A
856 737 913 819 ss.)
933 736 1049 819 partim
1073 735 1247 819 ampliores
1265 736 1405 801 circulos

229 848 270 911 ad
293 846 569 931 percurrendum;
589 845 645 927 qui
670 842 792 908 habent
813 844 1016 926 angustiores
1038 842 1176 907 circulos
1197 856 1233 908 ut
1254 843 1345 921 luna,
1370 845 1404 908 hi

229 952 374 1018 velocius
401 964 584 1016 moventur.
611 949 696 1014 Cum
722 961 831 1013 autem
858 948 999 1013 circulus
1030 951 1163 1014 interior
1188 952 1229 1014 sit
1254 950 1405 1015 subditus

230 1059 389 1133 exteriori,
406 1057 479 1121 ideo
493 1069 523 1121 et
538 1069 659 1140 septem
675 1055 823 1139 planetae
842 1074 876 1119 se
891 1056 1056 1120 movendo
1076 1057 1164 1120 iuxta
1183 1070 1303 1140 septem
1325 1059 1406 1122 inte·

231 1167 331 1230 riores
354 1164 458 1240 orbes,
476 1162 597 1227 subditi
621 1176 698 1227 sunt
719 1161 841 1226 circulo
864 1163 996 1226 animae
1015 1164 1174 1241 exteriori,
1197 1165 1284 1228 iuxta
1304 1185 1404 1248 quem

230 1270 390 1337 circulum
413 1270 449 1333 fit
470 1282 579 1334 motus
600 1283 735 1334 octavus
759 1267 924 1333 stellarum
947 1269 1086 1333 fixarum
1109 1289 1185 1334 cum
1209 1283 1277 1335 toto
1300 1271 1402 1336 coelo.

230 1378 305 1443 Tali
335 1376 436 1441 modo
464 1376 613 1460 planetae
642 1396 675 1441 se
709 1376 874 1441 movendo
906 1378 1044 1459 propriis
1075 1377 1220 1441 motibus
1249 1390 1280 1441 et
1312 1391 1405 1442 motu

229 1483 370 1569 generali
386 1485 474 1547 iuxta
488 1485 676 1549 exteriorem
694 1482 853 1546 circulum
874 1482 1020 1547 efficiunt
1040 1484 1074 1546 in
1090 1484 1194 1566 spatio
1209 1485 1341 1567 spiram.

310 1592 357 1656 Ex
379 1590 467 1654 hisce
487 1590 625 1667 videtur,
649 1591 867 1673 quaestiones,
891 1609 972 1673 quas
991 1591 1202 1673 Anaxagorae
1222 1593 1403 1674 proposuit,

230 1718 298 1763 esse
319 1695 442 1761 solutas
468 1720 474 1760 :
501 1695 630 1780 singula
654 1694 774 1760 scilicet
797 1696 832 1758 in
855 1695 982 1759 mundo
1003 1697 1126 1778 optime
1145 1696 1302 1781 disposita
1324 1718 1403 1776 esse,

230 1815 392 1887 quantum
422 1823 440 1866 a
470 1804 538 1867 Deo
567 1802 697 1886 disponi
726 1815 887 1886 poterant.
918 1802 1107 1867 Commune
1140 1803 1266 1869 bonum
1307 1807 1406 1888 (κοινόν

230 1910 341 1994 ἀγαθόν)
368 1908 571 1993 singularum
604 1929 711 1973 rerum
743 1922 790 1973 est
816 1910 883 1992 ipse
914 1909 1060 1974 mundus
1085 1910 1127 1975 ad
1155 1913 1248 1975 cuius
1277 1911 1404 1977 bonum

231 2015 359 2100 singula
380 2030 416 2081 ut
436 2029 541 2100 partes
562 2016 767 2093 ordinantur,
784 2017 861 2099 quia
883 2017 1079 2102 Demiurgus
1101 2019 1219 2083 creavit
1239 2019 1404 2084 mundum

231 2137 266 2188 ut
295 2124 567 2207 perfectissimum
599 2124 710 2202 deum,
737 2123 835 2188 talem
867 2136 903 2188 ut
933 2122 995 2187 sibi
1029 2126 1090 2208 ipsi
1122 2125 1280 2191 sufficeret
1303 2128 1325 2190 ¹.
1353 2126 1405 2190 Ad

230 2231 460 2314 perfectionem
484 2230 602 2294 mundi
624 2232 760 2314 pertinet
780 2232 947 2295 continere
969 2250 1086 2295 omnes
1111 2251 1171 2296 res.
1198 2232 1272 2296 Idea
1295 2246 1403 2298 autem

232 2338 349 2402 mundi
376 2339 521 2402 continet
545 2339 665 2421 species
689 2339 842 2402 omnium
868 2356 987 2414 rerum,
1015 2337 1087 2402 ideo
1115 2351 1146 2403 et
1169 2340 1326 2417 mundus,
1347 2341 1404 2424 qui

231 2457 278 2509 est
302 2444 555 2527 perfectissimus
583 2456 693 2527 utpote
720 2444 878 2508 formatus
908 2445 996 2508 iuxta
1024 2443 1110 2509 hanc
1138 2446 1255 2510 mundi
1284 2446 1403 2523 ideam,

231 2552 376 2615 continet
396 2551 510 2615 omnia
534 2551 680 2614 idearum
706 2549 879 2614 simulacra
896 2551 919 2614 ¹.

298 2825 317 2862 r.
333 2811 417 2871 Tim..
433 2810 463 2876 34
478 2811 509 2870 B,
524 2811 554 2862 68
568 2812 600 2862 E.

294 2905 317 2942 2.
333 2891 416 2951 Tim..
432 2890 463 2957 39
478 2892 509 2948 E.
525 2907 558 2956 4¹
579 2889 656 2957 noo
673 2893 702 2951 C,
718 2891 795 2956 721).
