3278 5536
743 2170 788 2221 Τὸν
800 2164 829 2219 ii
837 2175 874 2220 νοῦ
888 2165 928 2218 καὶ
942 2166 1076 2236 ἐπιστήμης
1088 2167 1188 2235 iponem
1202 2166 1293 2238 ἀνάγκη
1306 2168 1351 2229 τὰς

711 2264 755 2319 τῆς
765 2259 875 2329 ἔμφρονος
888 2259 977 2327 pictae
990 2255 1069 2315 αἰτίας
1079 2256 1174 2326 πρώτας
1187 2252 1350 2326 μιταδιώκιιν.

976 2341 1144 2414 (Timaeus,
1162 2361 1190 2416 p.
1206 2344 1247 2414 46
1265 2345 1314 2416 D.)

508 2637 733 2714 Prooemium
763 2636 799 2711 in
829 2635 1025 2710 Platonem.

262 3029 351 3096 Plato
388 3033 552 3095 maximus
589 3030 730 3094 Socratis
767 3029 948 3113 discipulus
986 3029 1128 3094 multum
1166 3030 1352 3115 teleologica

180 3139 298 3202 mundi
327 3138 540 3222 explicatione
568 3139 807 3221 occupabatur;
838 3157 903 3221 qua
930 3138 970 3201 de
997 3140 1187 3221 quaestione
1214 3158 1289 3203 cum
1318 3139 1352 3200 in

178 3245 329 3329 pluribus
356 3245 430 3309 aliis
451 3245 588 3329 dialogis
612 3258 682 3309 tum
708 3246 877 3328 praecipue
903 3247 978 3306 in«
993 3245 1168 3310 Timaeo»
1189 3247 1271 3328 egit3
1296 3247 1353 3329 qui

178 3365 290 3416 tamen
315 3351 404 3416 solus
431 3352 569 3414 minime
596 3351 716 3414 sufficit
742 3352 782 3415 ad
804 3351 1044 3416 ostendendum
1067 3350 1236 3436 quomodo
1264 3350 1354 3415 Plato

179 3478 312 3524 causam
335 3458 468 3522 finalem
497 3457 708 3534 intellexerit;
738 3460 772 3521 in
794 3457 868 3521 aliis
891 3460 980 3522 enim
1004 3460 1157 3542 operibus
1178 3457 1270 3522 aliter
1294 3456 1354 3520 hac

179 3566 222 3630 de
239 3585 272 3630 re
291 3565 429 3641 disserit,
453 3577 488 3628 ut
507 3565 541 3626 in
561 3587 581 3625 a
602 3565 776 3629 Phaedone
794 3589 825 3641 »‚
846 3588 866 3626 a
886 3564 1113 3648 Republica»,
1134 3578 1192 3629 etc.

260 3673 369 3754 Quam
403 3670 535 3735 difficile
566 3672 608 3734 sit
639 3691 832 3755 cognoscere
861 3684 958 3756 atque
990 3692 1159 3755 exponere,
1187 3671 1355 3756 quomodo

181 3778 274 3843 Plato
295 3798 429 3843 causam
458 3777 590 3842 finalem
619 3778 810 3842 intellexerit
836 3792 865 3843 et
889 3778 1019 3863 qualem
1045 3781 1073 3843 ei
1100 3781 1168 3842 vim
1195 3780 1353 3856 tribuerit,

180 3887 265 3951 bene
285 3888 382 3950 sentit
405 3886 440 3949 P.
464 3886 557 3949 Janet
579 3888 604 3962 ¹,
628 3887 684 3969 qui
711 3885 853 3950 multum
881 3886 958 3950 huic
984 3887 1166 3970 quaestioni
1190 3884 1356 3950 insudavit

248 4080 269 4115 r.
288 4063 317 4115 la
335 4064 389 4116 fine
409 4065 471 4117 libri
492 4064 574 4116 huius
592 4066 711 4117 auctoris
729 4081 735 4112 :
751 4082 765 4114 e
780 4066 830 4118 Les
847 4080 941 4118 causes
962 4065 1056 4117 riuales
1070 4082 1094 4126 »‚
1111 4079 1137 4131 p.
1156 4063 1269 4130 ylo-755,
1285 4063 1358 4115 iure-

181 4144 258 4196 nitur
275 4143 429 4196 dissertatio
447 4144 482 4196 de
501 4145 614 4197 Platone
630 4165 636 4196 :
652 4161 667 4193 a
682 4145 779 4197 Platon
793 4157 820 4198 et
840 4146 879 4198 les
898 4160 993 4198 causes
1013 4145 1108 4197 finales
1121 4161 1152 4206 »;
1168 4144 1211 4195 cui
1231 4142 1359 4195 disserta·

181 4222 262 4283 tioni,
277 4233 307 4274 ut
321 4223 380 4290 ipse
399 4234 493 4276 auctor
508 4240 534 4290 p.
555 4225 610 4291 730
634 4224 660 4274 in
684 4225 770 4291 prima
792 4236 856 4277 nota
871 4225 944 4285 dicit,
965 4225 1047 4275 finem
1069 4238 1123 4275 non
1148 4221 1280 4288 imposuit
1294 4225 1358 4288 (que

181 4317 255 4355 nous
268 4303 381 4356 n’arons
396 4319 444 4371 pas
458 4304 595 4369 acheveel.

247 4384 346 4436 Eadem
362 4385 459 4452 pagina
473 4385 507 4437 de
521 4384 681 4437 difficultate
696 4385 888 4453 intelligendae
905 4399 1001 4437 causae
1016 4384 1105 4436 finalis
1122 4383 1194 4450 apud
1217 4383 1358 4436 Platonem

182 4463 223 4515 sic
237 4462 303 4515 dicit
318 4479 350 4513 :e
359 4464 429 4530 Quel
444 4465 510 4525 tole,
526 4464 595 4516 dans
605 4464 630 4515 la
640 4464 821 4531 philosophie,
833 4465 900 4517 a·t·il
912 4465 1031 4530 (Platon)
1043 4464 1091 4517 fait
1101 4464 1179 4530 iouer
1188 4478 1223 4514 au
1237 4463 1359 4529 principe

181 4543 233 4595 des
247 4557 341 4596 causes
355 4544 449 4596 finales
461 4544 474 4596 i
488 4544 561 4596 C'est
574 4560 611 4596 un
627 4546 768 4611 probleme
783 4561 857 4598 assez
872 4545 971 4597 delicat
986 4546 1001 4597 i
1017 4544 1156 4596 resoudre.
1172 4560 1186 4592 »

1236 4666 1251 4715 4
