3278 5542
715 646 755 661 ..
789 610 832 698 575
868 649 914 662 ..

229 795 317 851 eum,
340 786 386 837 est
407 774 611 838 considerare
635 776 784 840 ordinem
807 796 925 852 rerum,
945 796 1042 860 quem
1069 778 1149 840 ratio
1174 797 1242 841 non
1267 778 1401 861 quidem

231 881 317 956 facit,
335 880 391 943 sed
407 894 557 944 naturam
575 883 814 947 considerando
835 885 868 945 in
889 884 985 947 rebus
1006 885 1141 947 invenit.
1160 885 1278 948 Utrum
1294 898 1401 949 autem

231 1000 345 1050 natura
374 1000 556 1070 separatum
587 988 704 1052 habeat
735 1008 925 1072 supremum
961 990 1086 1053 bonum
1119 992 1153 1052 in
1186 992 1404 1075 metaphysica

231 1093 467 1178 inquirendum
496 1106 552 1157 est.
583 1131 623 1140 -
651 1094 741 1158 Ordo
776 1097 943 1158 actionum
980 1095 1239 1159 voluntariarum
1269 1098 1406 1179 pertinet

230 1202 271 1265 ad
286 1202 450 1285 objectum
467 1200 694 1284 philosophiae
709 1201 844 1265 moralis
863 1205 956 1266 cuius
975 1215 1022 1266 est
1039 1203 1243 1267 considerare
1263 1206 1406 1266 actiones

231 1310 412 1373 secundum
443 1311 633 1375 relationem
662 1313 857 1394 reciprocam
885 1324 915 1375 et
943 1313 977 1374 in
1006 1311 1122 1375 ordine
1149 1311 1191 1375 ad
1219 1311 1331 1375 finem.
1354 1312 1406 1374 Ad

230 1415 473 1500 philosophiam
490 1417 647 1482 moralem
663 1420 799 1501 pertinet
813 1430 965 1482 tractatus
979 1418 1019 1482 de
1034 1437 1167 1481 summo
1180 1417 1245 1481 fine
1260 1418 1407 1481 hominis

232 1522 404 1608 (ἀνθρώπινοι
423 1524 579 1608 τ’ἀγαοόι);
598 1528 667 1608 ipsa
688 1528 752 1610 agit
773 1526 813 1590 de
836 1545 885 1602 eo,
907 1525 995 1609 quod
1025 1526 1121 1588 nobis
1144 1537 1191 1588 est
1211 1525 1350 1601 bonum,
1372 1538 1408 1589 ut

231 1631 275 1692 ait
293 1631 479 1695 Aristoteles
498 1635 521 1709 ¹,
544 1653 612 1696 non
636 1645 744 1696 autem
770 1632 810 1696 de
833 1652 882 1709 eo,
904 1632 992 1716 quod
1014 1645 1061 1696 est
1083 1633 1208 1696 bonum
1229 1636 1407 1697 commune

231 1738 331 1800 totius
364 1750 508 1802 naturae.
539 1775 579 1784 -
606 1739 803 1822 Supremum
838 1739 964 1802 bonum
1001 1739 1147 1802 hominis
1181 1740 1223 1802 ita
1256 1740 1408 1804 describit

232 1843 418 1908 Aristoteles
439 1846 450 1881 ²
480 1869 487 1908 τ
515 1849 591 1916 τέλος
616 1856 671 1908 τῶν
697 1856 824 1929 πρακτῶν
848 1848 862 1908 ‘o'
886 1847 910 1907 δί
933 1848 998 1907 αὑτὸ
1024 1849 1182 1928 βουλόμεθα,
1205 1838 1294 1909 τᾶλλα
1314 1850 1343 1909 δὲ
1366 1846 1408 1910 διὰ

231 1963 322 2030 τοῦτο,
328 1999 388 2015 .....
418 1955 499 2031 δῆλον
527 1957 564 2023 ὡς
591 1958 673 2014 τοῦτ’
697 1952 729 2014 ἂν
757 1957 799 2032 εἴη
828 1952 952 2035 τ’ἀγαῦδν
984 1953 1028 2014 καλ
1057 1955 1088 2014 τὸ
1116 1955 1230 2015 ἄιστον.
1259 1954 1310 2016 Ab
1346 1954 1408 2017 hoc

233 2058 298 2121 fine
322 2058 469 2122 hominis
491 2060 573 2123 bene
594 2059 845 2144 distinguendus
865 2073 912 2124 est
933 2060 1009 2122 finis
1030 2061 1129 2123 totius
1151 2072 1294 2136 naturae,
1315 2062 1408 2124 cuius

233 2167 332 2248 gratia
360 2166 444 2229 fiunt
469 2168 646 2229 omnia-
669 2169 700 2229 τὸ
725 2168 754 2229 οὗ
779 2166 855 2228 ἕνεκα
877 2167 922 2228 καὶ
946 2165 1082 2247 τ’ἁγαθόι,
1108 2177 1143 2228 ut
1163 2166 1349 2230 Aristoteles
1374 2169 1407 2230 in

235 2273 455 2356 Metaphysica
471 2273 549 2337 dicit
565 2275 588 2350 ³,
605 2287 635 2337 et
651 2274 703 2337 hic
722 2273 809 2350 finis,
827 2293 882 2336 seu
903 2273 964 2336 hoc
984 2273 1109 2335 bonum
1126 2284 1172 2335 est
1190 2277 1265 2342 τέλος
1283 2262 1409 2351 pellaeo<

233 2382 277 2441 καὶ
292 2385 422 2460 κινήσεως
436 2383 534 2460 πάσης.

313 2487 500 2568 Quaerenti,
515 2507 613 2571 quare
626 2488 772 2552 doctrina
789 2487 934 2551 Platonis
947 2499 1075 2550 tantum
1090 2486 1217 2550 differat
1231 2507 1248 2549 a
1262 2486 1408 2550 doctrina

234 2593 425 2670 Aristotelis,
457 2595 720 2677 respondendum
750 2597 819 2670 erit,
850 2607 885 2657 ut
914 2594 995 2657 mihi
1025 2593 1163 2670 videtur,
1193 2594 1282 2676 quod
1318 2593 1409 2657 Plato

233 2714 374 2765 tractans
397 2702 438 2766 de
462 2701 611 2765 felicitate
640 2701 797 2776 hominis,
823 2703 931 2784 potius
957 2701 1104 2783 respiciat
1130 2711 1248 2763 statum
1278 2701 1409 2763 animae

234 2820 308 2872 ante
331 2809 599 2891 conjunctionem
626 2828 701 2871 cum
729 2827 862 2890 corpore
886 2820 916 2872 et
940 2819 1013 2890 post
1036 2807 1283 2889 separationem,
1308 2826 1407 2890 quam

234 2927 434 2997 praesentem
458 2915 572 2991 vitam,
597 2914 782 2978 Aristoteles
805 2934 881 2978 vero
906 2915 1053 2996 respiciat
1081 2913 1251 2976 hominem
1276 2915 1410 2998 eiusque

235 3022 348 3097 finem,
372 3021 532 3105 quamdiu
557 3021 609 3084 hic
634 3023 667 3085 in
691 3034 774 3085 terra
797 3023 897 3084 vitam
920 3020 1022 3104 degat.

300 3191 320 3226 1.
339 3176 348 3226 l
365 3176 454 3240 Magn,
476 3176 555 3236 Mor„
575 3190 591 3235 1,
613 3191 639 3240 p.
662 3174 714 3234 133,
736 3168 769 3225 v,'
781 3189 862 3240 24-27,
877 3161 968 3220 Οῦδάῦ
988 3172 1031 3226 τῆς
1048 3172 1173 3227 πολιτικῆς
1193 3168 1250 3236 ὑπὲρ
1274 3173 1315 3218 τοῦ
1337 3174 1411 3219 κοινοῦ

238 3249 328 3322 ἀγαθοῦ
341 3250 424 3320 ltinsu-
443 3246 511 3318 Ὑπὲρ
526 3255 566 3300 τοῦ
580 3247 667 3318 ἀγαθοῦ
680 3248 746 3319 ἄρα,ο
759 3245 800 3298 καὶ
815 3248 873 3314 ὑπὲρ
888 3253 927 3299 τοῦ
938 3245 1043 3316 ἀρίστου,
1057 3246 1098 3297 ιιαὶ
1111 3246 1169 3316 ὑπὲρ
1182 3252 1224 3299 τοῦ
1236 3247 1293 3316 ἡμῖν
1307 3246 1411 3317 ἀρίστου.

237 3337 321 3396 Idem,
338 3351 364 3400 p.
383 3335 435 3396 132,
452 3351 476 3385 v.
498 3335 534 3386 ro.
550 3327 598 3380 Καὶ
610 3329 669 3398 ῦπὶρ
682 3329 771 3401 ἀγαθοῦ
783 3330 810 3380 οῦ
825 3333 865 3379 τοῦ
879 3327 962 3387 ἁπλῶς
975 3325 1038 3378 ἀλλὰ
1049 3333 1089 3380 τοῦ
1102 3328 1169 3396 ἡμῖν.

297 3432 320 3467 2.
339 3416 349 3466 l
365 3415 459 3466 Ethica
474 3416 590 3476 Nicom,
606 3430 629 3466 c.
645 3430 672 3476 u,
689 3429 748 3480 pag.
773 3430 796 3476 r,
812 3430 837 3464 v.
854 3428 885 3464 20
897 3429 918 3464 s.
932 3414 1076 3464 Summum
1093 3415 1196 3476 bonum
1208 3413 1358 3464 humanum
1368 3424 1409 3464 est

236 3495 349 3547 felicitas
372 3496 529 3558 (ιύδαιμινὶιι)
552 3494 615 3555 (id,
643 3510 665 3546 c.
691 3511 719 3545 ιι
742 3494 831 3559 init.l;
855 3495 882 3544 in
907 3495 1019 3566 hoc,.ut
1038 3494 1197 3565 Aristoteles
1218 3494 1292 3554 dicit,
1315 3509 1410 3545 omnes

237 3575 361 3627 homines
382 3577 557 3635 conveniunt,
581 3576 628 3626 sed
649 3575 813 3640 discrepant,
829 3575 940 3640 quando
955 3573 1047 3638 'agitur
1067 3574 1100 3624 de
1122 3573 1358 3633 determinatione,
1381 3574 1408 3624 in

236 3672 356 3722 quonam
372 3657 437 3707 haec
449 3655 562 3707 lelicitas
576 3656 716 3707 consistat.

267 3737 367 3789 Omnia
385 3747 477 3787 autern
496 3737 567 3787 bona
589 3746 654 3787 sunt
672 3736 713 3786 vel
731 3747 805 3787 extra
826 3750 886 3795 nos,
902 3735 944 3786 vel
967 3734 1046 3796 intra,
1067 3745 1093 3786 et
1113 3735 1178 3786 haec
1192 3734 1304 3800 quidem
1319 3734 1407 3785 aut-in

235 3832 349 3882 corpore
363 3826 410 3868 aut
424 3817 452 3866 in
468 3816 566 3868 anima.
589 3817 659 3868 Cum
674 3826 764 3867 autem
780 3815 913 3867 sententia
927 3815 1067 3880 stagiritae
1084 3824 1176 3866 nostra
1189 3814 1301 3865 felicitas
1318 3814 1408 3865 necin

237 3898 316 3949 bonis
331 3906 406 3948 extra
423 3912 473 3948 nos
489 3911 576 3962 neque
594 3897 622 3947 in
644 3897 722 3948 bonis
737 3896 859 3962 eorporis
874 3895 1014 3955 consistat,
1031 3897 1155 3960 sequitur
1169 3894 1196 3945 in
1211 3894 1317 3946 animae
1332 3895 1411 3946 bonis

237 3979 316 4029 sitam
333 3992 402 4028 esse.
418 3977 441 4027 ll
457 3978 526 4027 Mor.
543 3978 682 4036 Eudaem.‚
700 3993 717 4035 1,
736 3992 761 4041 p.
784 3992 847 4042 192,
864 3991 889 4026 v.
902 3975 940 4040 46
957 3995 964 4027 ι
981 3971 1045 4020 ἔστιν
1068 3969 1113 4038 ἄρα
1136 3971 1151 4026 ἡ
1176 3963 1313 4038 aldemario
1335 3967 1411 4036 ῦυχῆς

238 4045 329 4110 &iladvig
350 4053 457 4123 ἐνέργεια.
473 4057 631 4116 Praecisius,
648 4074 673 4107 v,
688 4070 736 4122 49:
752 4050 815 4105 ...εἴη
834 4049 862 4102 ἂι
879 4053 895 4107 ἡ
915 4044 1051 4119 ιῦιλαιμοιία
1064 4050 1125 4120 ζῳῆς
1137 4049 1227 4109 τιλιίας
1242 4049 1342 4120 inp-fata
1356 4054 1413 4101 κατ’

237 4133 320 4202 aipein
333 4130 431 4184 τιλιίαν.
445 4137 576 4189 Similiter
590 4138 645 4188 vid.
660 4139 669 4187 l
686 4138 779 4188 Ethica
795 4137 863 4196 Nic„
878 4151 925 4198 vu,
942 4152 968 4201 p.
982 4152 1005 4202 7,
1023 4153 1047 4186 v.
1062 4136 1136 4199 o12;
1153 4136 1263 4201 lMagn.
1277 4136 1357 4195 Mor„
1374 4152 1409 4196 ιιι,

238 4234 264 4283 p.
283 4217 335 4278 136,
352 4233 377 4267 v.
392 4218 432 4283 46.

301 4298 324 4349 3.
340 4299 349 4348 l
366 4299 441 4360 Met,
457 4314 494 4358 ιιι,
512 4313 538 4363 p.
554 4312 609 4363 471,
626 4313 651 4348 v.
667 4297 693 4348 51
712 4312 733 4347 s.
749 4296 866 4348 scientia
882 4311 953 4362 quae
968 4295 1022 4362 agit
1042 4297 1075 4347 de
1095 4297 1168 4347 bono
1186 4295 1270 4347 totius
1290 4307 1410 4357 naturae,

238 4377 315 4430 cuius
334 4377 419 4444 gratia
438 4387 503 4428 sunt
521 4377 623 4438 omnia,
639 4387 680 4428 est
700 4376 938 4428 honorabilissima
957 4377 991 4438 (ll
1008 4377 1082 4436 Met,
1102 4391 1130 4438 ιι,
1148 4392 1173 4441 p.
1189 4389 1245 4442 490,
1263 4391 1290 4427 v.
1307 4376 1338 4442 34
1355 4379 1410 4440 sl:

238 4450 268 4521 'll
282 4453 320 4524 μὶν
333 4450 380 4524 γὰρ
393 4451 546 4523 ἀρχικωτάτη
559 4450 599 4503 καὶ
611 4450 816 4524 ἡγιμοιιιιωταὶπι,
830 4444 900 4519 antiph
915 4451 993 4520 doretp
1005 4444 1091 4509 δοῦλαι
1104 4443 1270 4503 οόδ’ἀιτιιπιῑι
1282 4449 1326 4510 τὰς
1339 4451 1412 4509 ἄλλας

238 4533 370 4602 ἐπιστήμας
382 4526 481 4595 δίκαιον,
494 4535 511 4589 ἡ
524 4538 565 4585 τοῦ
580 4535 658 4592 πίλους
674 4531 715 4584 nai
730 4530 841 4604 τ’ἀγαῦοῦ
855 4534 951 4587 τοιαῦτα
968 4532 1122 4601 (roomo-pin
1138 4533 1205 4582 ivm
1219 4525 1318 4602 τᾶλλα).
