3278 5536
708 599 928 669 -125-

234 762 392 848 (φρόνησις).
415 759 504 826 Felix
525 761 591 825 vita
618 760 765 826 hominis
791 761 885 828 debet
907 783 975 828 esse
1000 769 1077 848 μέρος
1099 774 1147 826 τοῦ
1169 770 1258 849 τρίτου
1280 769 1372 847 γένους
1390 765 1400 802 ¹

235 889 288 934 seu
308 871 463 946 universi,
480 870 557 953 quia
574 888 691 952 corpus
711 869 897 934 humanum
917 882 965 935 est
984 869 1160 935 formatum
1180 890 1219 935 ex
1237 870 1403 954 particulis

234 991 384 1060 quattuor
414 975 652 1042 elementorum
677 979 688 1014 ³
717 990 747 1041 et
779 978 848 1042 eius
878 978 991 1041 anima
1022 997 1061 1042 ex
1092 979 1204 1041 anima
1236 979 1352 1043 mundi
1376 982 1399 1044 ³.

234 1085 322 1149 Sicut
346 1085 448 1150 homo
474 1096 520 1149 est
545 1104 665 1168 parvus
692 1085 837 1149 mundus
860 1084 969 1168 quoad
995 1085 1154 1168 principia
1180 1087 1401 1164 constitutiva,

234 1193 277 1257 sic
297 1207 328 1257 et
349 1193 418 1258 eius
440 1192 566 1257 bonum
589 1191 683 1256 debet
704 1212 771 1257 esse
793 1192 900 1257 simile
920 1191 1008 1260 bono
1028 1193 1170 1256 universi
1186 1193 1280 1256 cuius
1301 1192 1402 1257 homo

233 1312 277 1364 est
301 1319 386 1383 pars.
410 1300 501 1365 Sicut
521 1312 629 1365 autem
657 1299 782 1364 bonum
810 1300 952 1364 universi
980 1301 1013 1361 in
1042 1299 1210 1376 mixtione,
1236 1299 1400 1383 adquam

233 1406 400 1471 infinitum
422 1419 453 1471 et
473 1406 604 1471 finitum
627 1407 799 1491 pertinent,
816 1407 975 1481 consistit,
992 1407 1035 1469 ita
1057 1418 1087 1470 et
1108 1406 1233 1471 bonum
1255 1405 1402 1471 hominis

232 1514 385 1577 consistat
404 1532 533 1578 necesse
553 1524 600 1577 est
621 1513 656 1576 in
680 1513 848 1588 mixtione,
863 1511 905 1575 ad
925 1531 1024 1595 quam
1045 1524 1080 1575 ut
1100 1510 1268 1576 infinitum
1287 1513 1402 1597 volup-

231 1633 277 1684 tas
300 1622 325 1698 ⁸,
341 1640 424 1704 quae
446 1621 570 1686 ratione
589 1621 733 1704 corporis
754 1620 913 1703 provenit,
934 1631 964 1682 et
990 1630 1025 1682 ut
1048 1618 1167 1683 finiens
1193 1621 1326 1685 scientia
1350 1621 1400 1686 vel

233 1747 324 1792 mens
344 1729 516 1811 pertinent.

294 1948 314 1985 t.
331 1933 410 1994 Phil..
427 1949 458 1999 27
471 1935 504 1984 D.

291 2029 314 2065 2.
331 2013 410 2074 Phil,
428 2015 501 2080 2911
520 2027 576 2074 ss.;
600 2010 684 2072 Tim..
704 2026 735 2078 42
759 2013 781 2064 C
797 2036 828 2050 -·
844 2011 876 2062 Ε.
888 2039 919 2049 -
938 2010 967 2061 ln
989 2027 1005 2060 e
1019 2008 1134 2063 Timaeo
1153 2027 1168 2060 »
1188 2009 1253 2063 haec
1276 2010 1401 2078 quaestio

230 2092 329 2159 largius
343 2094 501 2160 explicatur.

291 2175 313 2226 3.
330 2173 409 2235 Phil,
435 2173 466 2224 30
488 2175 523 2224 A.
549 2172 669 2224 Breviter
689 2172 716 2223 in
740 2172 888 2222 «Philebo
908 2188 924 2221 »
947 2172 1015 2223 hunc
1038 2171 1205 2223 mentionem
1228 2170 1300 2232 lacit,
1322 2172 1400 2239 quusi

230 2269 388 2321 supponens
406 2254 459 2306 iam
481 2264 574 2305 notam
597 2267 655 2305 esse
672 2252 862 2305 formationem
876 2252 984 2304 animae
999 2252 1094 2304 mundi
1111 2263 1139 2303 et
1153 2251 1282 2312 hominis,
1296 2252 1331 2303 de
1345 2267 1401 2319 que

229 2337 388 2402 quaestione
399 2334 426 2386 in
442 2351 458 2384 e
474 2334 590 2385 Timaeo
606 2349 621 2382 »
637 2333 708 2399 large
723 2331 856 2398 loquitur.
871 2360 903 2370 -
916 2332 990 2383 Tim.
1003 2332 1037 2384 de
1050 2331 1141 2383 anima
1157 2331 1264 2394 mundi,
1281 2331 1310 2382 35
1324 2333 1347 2382 Α
1369 2359 1401 2370 -

229 2414 259 2480 37
275 2417 313 2477 C;
329 2415 363 2466 de
377 2414 468 2467 anima
483 2414 610 2472 humana,
626 2427 653 2479 4¹
670 2413 704 2472 D,
718 2413 794 2478 441).

289 2511 314 2563 4.
331 2495 410 2555 Phil„
426 2496 452 2547 31
470 2495 505 2545 A.
