<?xml version="1.0" encoding="UTF-8"?>
<!DOCTYPE html PUBLIC "-//W3C//DTD XHTML 1.0 Transitional//EN"
    "http://www.w3.org/TR/xhtml1/DTD/xhtml1-transitional.dtd">
<html xmlns="http://www.w3.org/1999/xhtml" xml:lang="en" lang="en">
 <head>
  <title>
</title>
<meta http-equiv="Content-Type" content="text/html;charset=utf-8" />
  <meta name='ocr-system' content='tesseract 3.04.00' />
  <meta name='ocr-capabilities' content='ocr_page ocr_carea ocr_par ocr_line ocrx_word'/>
</head>
<body>
  <div class='ocr_page' id='page_1' title='image "./decausafinaliap00naujgoog_0131.png"; bbox 0 0 3278 5536; ppageno 0'>
   <div class='ocr_carea' id='block_1_1' title="bbox 813 650 1032 715">
    <p class='ocr_par' dir='ltr' id='par_1_1' title="bbox 813 650 1032 715">
     <span class='ocr_line' id='line_1_1' title="bbox 813 650 1032 715; baseline 0.005 -35"><span class='ocrx_word' id='word_1_1' title='bbox 813 650 1032 715; x_wconf 67' lang='lat'>„114..</span> 
     </span>
    </p>
   </div>
   <div class='ocr_carea' id='block_1_2' title="bbox 329 787 1510 3882">
    <p class='ocr_par' dir='ltr' id='par_1_2' title="bbox 336 787 1510 1412">
     <span class='ocr_line' id='line_1_2' title="bbox 339 787 1509 878; baseline -0.003 -21"><span class='ocrx_word' id='word_1_2' title='bbox 339 809 394 858; x_wconf 87' lang='lat' dir='ltr'>seu</span> <span class='ocrx_word' id='word_1_3' title='bbox 420 789 558 870; x_wconf 91' lang='lat' dir='ltr'>bonum,</span> <span class='ocrx_word' id='word_1_4' title='bbox 585 793 661 876; x_wconf 91' lang='lat' dir='ltr'>quia</span> <span class='ocrx_word' id='word_1_5' title='bbox 687 791 764 858; x_wconf 84' lang='lat' dir='ltr'>linis</span> <span class='ocrx_word' id='word_1_6' title='bbox 788 811 844 878; x_wconf 93' lang='lat' dir='ltr'>per</span> <span class='ocrx_word' id='word_1_7' title='bbox 868 813 900 859; x_wconf 88' lang='lat' dir='ltr'>se</span> <span class='ocrx_word' id='word_1_8' title='bbox 923 793 1106 877; x_wconf 88' lang='lat' dir='ltr'>appetibilis</span> <span class='ocrx_word' id='word_1_9' title='bbox 1129 804 1185 858; x_wconf 89' lang='lat' dir='ltr'>est.</span> <span class='ocrx_word' id='word_1_10' title='bbox 1211 788 1297 856; x_wconf 92' lang='lat' dir='ltr'>Cum</span> <span class='ocrx_word' id='word_1_11' title='bbox 1321 787 1509 856; x_wconf 72' lang='lat' dir='ltr'>Aristoteles·</span> 
     </span>
     <span class='ocr_line' id='line_1_3' title="bbox 337 898 1506 984; baseline -0.002 -20"><span class='ocrx_word' id='word_1_12' title='bbox 337 901 415 964; x_wconf 88' lang='lat' dir='ltr'>dicit</span> <span class='ocrx_word' id='word_1_13' title='bbox 443 901 542 965; x_wconf 85' lang='lat' dir='ltr'>finem</span> <span class='ocrx_word' id='word_1_14' title='bbox 571 921 639 965; x_wconf 90' lang='lat' dir='ltr'>esse</span> <span class='ocrx_word' id='word_1_15' title='bbox 667 922 798 966; x_wconf 89' lang='lat' dir='ltr'>causam</span> <span class='ocrx_word' id='word_1_16' title='bbox 828 909 954 984; x_wconf 73' lang='grc' dir='ltr'>γενέσεως</span> <span class='ocrx_word' id='word_1_17' title='bbox 981 914 1011 965; x_wconf 92' lang='lat' dir='ltr'>et</span> <span class='ocrx_word' id='word_1_18' title='bbox 1036 901 1147 966; x_wconf 91' lang='lat' dir='ltr'>omnis</span> <span class='ocrx_word' id='word_1_19' title='bbox 1171 905 1310 982; x_wconf 78' lang='grc' dir='ltr'>κινήσεως,</span> <span class='ocrx_word' id='word_1_20' title='bbox 1341 898 1506 983; x_wconf 88' lang='lat' dir='ltr'>duplicem</span> 
     </span>
     <span class='ocr_line' id='line_1_4' title="bbox 337 1007 1510 1092; baseline -0.001 -21"><span class='ocrx_word' id='word_1_21' title='bbox 337 1007 437 1073; x_wconf 88' lang='lat' dir='ltr'>finem</span> <span class='ocrx_word' id='word_1_22' title='bbox 460 1009 619 1092; x_wconf 83' lang='lat' dir='ltr'>significat</span> <span class='ocrx_word' id='word_1_23' title='bbox 640 1034 646 1072; x_wconf 95' lang='lat'><strong>:</strong></span> <span class='ocrx_word' id='word_1_24' title='bbox 669 1029 809 1092; x_wconf 93' lang='lat' dir='ltr'>quorum</span> <span class='ocrx_word' id='word_1_25' title='bbox 832 1011 958 1092; x_wconf 92' lang='lat' dir='ltr'>primus</span> <span class='ocrx_word' id='word_1_26' title='bbox 977 1020 1023 1073; x_wconf 91' lang='lat' dir='ltr'>est</span> <span class='ocrx_word' id='word_1_27' title='bbox 1043 1009 1118 1072; x_wconf 90' lang='lat' dir='ltr'>finis</span> <span class='ocrx_word' id='word_1_28' title='bbox 1136 1008 1363 1092; x_wconf 84' lang='lat' dir='ltr'><strong>generationis,</strong></span> <span class='ocrx_word' id='word_1_29' title='bbox 1384 1007 1441 1090; x_wconf 91' lang='lat' dir='ltr'>qui</span> <span class='ocrx_word' id='word_1_30' title='bbox 1462 1020 1510 1070; x_wconf 94' lang='lat' dir='ltr'>est</span> 
     </span>
     <span class='ocr_line' id='line_1_5' title="bbox 338 1114 1508 1199; baseline -0.001 -20"><span class='ocrx_word' id='word_1_31' title='bbox 338 1115 443 1179; x_wconf 87' lang='lat' dir='ltr'>forma</span> <span class='ocrx_word' id='word_1_32' title='bbox 476 1114 697 1179; x_wconf 90' lang='lat' dir='ltr'>substantialis</span> <span class='ocrx_word' id='word_1_33' title='bbox 729 1117 887 1199; x_wconf 91' lang='lat' dir='ltr'>cuiusque</span> <span class='ocrx_word' id='word_1_34' title='bbox 920 1117 962 1180; x_wconf 93' lang='lat' dir='ltr'>rei</span> <span class='ocrx_word' id='word_1_35' title='bbox 973 1154 981 1192; x_wconf 91' lang='lat'>,-</span> <span class='ocrx_word' id='word_1_36' title='bbox 1010 1115 1172 1179; x_wconf 89' lang='lat' dir='ltr'>secundus</span> <span class='ocrx_word' id='word_1_37' title='bbox 1191 1127 1254 1178; x_wconf 88' lang='lat' dir='ltr'>est</span> <span class='ocrx_word' id='word_1_38' title='bbox 1288 1114 1366 1179; x_wconf 84' lang='lat' dir='ltr'>linis</span> <span class='ocrx_word' id='word_1_39' title='bbox 1395 1115 1508 1179; x_wconf 93' lang='lat' dir='ltr'>omnis</span> 
     </span>
     <span class='ocr_line' id='line_1_6' title="bbox 338 1214 1509 1306; baseline -0.001 -20"><span class='ocrx_word' id='word_1_40' title='bbox 338 1236 457 1299; x_wconf 89' lang='lat' dir='ltr'>motus,</span> <span class='ocrx_word' id='word_1_41' title='bbox 479 1224 535 1305; x_wconf 93' lang='lat' dir='ltr'>qui</span> <span class='ocrx_word' id='word_1_42' title='bbox 558 1237 604 1287; x_wconf 88' lang='lat' dir='ltr'>est</span> <span class='ocrx_word' id='word_1_43' title='bbox 625 1223 749 1306; x_wconf 89' lang='lat' dir='ltr'>aliquid</span> <span class='ocrx_word' id='word_1_44' title='bbox 771 1236 858 1288; x_wconf 85' lang='lat' dir='ltr'>extra</span> <span class='ocrx_word' id='word_1_45' title='bbox 880 1243 959 1299; x_wconf 91' lang='lat' dir='ltr'>rem,</span> <span class='ocrx_word' id='word_1_46' title='bbox 980 1223 1022 1286; x_wconf 92' lang='lat' dir='ltr'>ad</span> <span class='ocrx_word' id='word_1_47' title='bbox 1044 1243 1141 1306; x_wconf 93' lang='lat' dir='ltr'>quem</span> <span class='ocrx_word' id='word_1_48' title='bbox 1163 1243 1211 1286; x_wconf 88' lang='lat' dir='ltr'>res</span> <span class='ocrx_word' id='word_1_49' title='bbox 1229 1214 1377 1306; x_wconf 87' lang='lat' dir='ltr'>generata</span> <span class='ocrx_word' id='word_1_50' title='bbox 1397 1241 1509 1286; x_wconf 92' lang='lat' dir='ltr'>move-</span> 
     </span>
     <span class='ocr_line' id='line_1_7' title="bbox 336 1330 1444 1412; baseline -0.001 -16"><span class='ocrx_word' id='word_1_51' title='bbox 336 1344 389 1396; x_wconf 89' lang='lat' dir='ltr'>tur</span> <span class='ocrx_word' id='word_1_52' title='bbox 407 1343 437 1394; x_wconf 88' lang='lat' dir='ltr'>et</span> <span class='ocrx_word' id='word_1_53' title='bbox 454 1330 558 1394; x_wconf 93' lang='lat' dir='ltr'>tendit</span> <span class='ocrx_word' id='word_1_54' title='bbox 576 1351 632 1412; x_wconf 91' lang='lat' dir='ltr'>per</span> <span class='ocrx_word' id='word_1_55' title='bbox 650 1351 743 1394; x_wconf 90' lang='lat' dir='ltr'>suam</span> <span class='ocrx_word' id='word_1_56' title='bbox 765 1331 917 1397; x_wconf 88' lang='lat' dir='ltr'>formam.</span> <span class='ocrx_word' id='word_1_57' title='bbox 1441 1339 1444 1345; x_wconf 85' lang='lat'>&#39;</span> 
     </span>
    </p>

    <p class='ocr_par' dir='ltr' id='par_1_3' title="bbox 332 1436 1507 2594">
     <span class='ocr_line' id='line_1_8' title="bbox 417 1436 1506 1521; baseline -0.004 -19"><span class='ocrx_word' id='word_1_58' title='bbox 417 1437 524 1502; x_wconf 88' lang='lat' dir='ltr'>Causa</span> <span class='ocrx_word' id='word_1_59' title='bbox 545 1436 687 1501; x_wconf 90' lang='lat' dir='ltr'>efficiens</span> <span class='ocrx_word' id='word_1_60' title='bbox 707 1451 753 1502; x_wconf 91' lang='lat' dir='ltr'>est</span> <span class='ocrx_word' id='word_1_61' title='bbox 774 1438 862 1502; x_wconf 92' lang='lat' dir='ltr'>unde</span> <span class='ocrx_word' id='word_1_62' title='bbox 882 1439 1080 1521; x_wconf 92' lang='lat' dir='ltr'>principium</span> <span class='ocrx_word' id='word_1_63' title='bbox 1101 1450 1227 1513; x_wconf 82' lang='lat' dir='ltr'>motus3</span> <span class='ocrx_word' id='word_1_64' title='bbox 1244 1457 1319 1500; x_wconf 92' lang='lat' dir='ltr'>cum</span> <span class='ocrx_word' id='word_1_65' title='bbox 1340 1449 1449 1501; x_wconf 91' lang='lat' dir='ltr'>autem</span> <span class='ocrx_word' id='word_1_66' title='bbox 1472 1438 1506 1499; x_wconf 93' lang='lat' dir='ltr'>in</span> 
     </span>
     <span class='ocr_line' id='line_1_9' title="bbox 337 1542 1505 1627; baseline 0 -21"><span class='ocrx_word' id='word_1_67' title='bbox 337 1544 545 1608; x_wconf 85' lang='lat' dir='ltr'>moventibus</span> <span class='ocrx_word' id='word_1_68' title='bbox 571 1558 601 1610; x_wconf 93' lang='lat' dir='ltr'>et</span> <span class='ocrx_word' id='word_1_69' title='bbox 627 1547 723 1610; x_wconf 92' lang='lat' dir='ltr'>motis</span> <span class='ocrx_word' id='word_1_70' title='bbox 751 1547 837 1608; x_wconf 84' lang='lat' dir='ltr'>iuxta</span> <span class='ocrx_word' id='word_1_71' title='bbox 862 1544 1074 1610; x_wconf 85' lang='lat' dir='ltr'>Aristotelem·</span> <span class='ocrx_word' id='word_1_72' title='bbox 1095 1565 1162 1609; x_wconf 91' lang='lat' dir='ltr'>non</span> <span class='ocrx_word' id='word_1_73' title='bbox 1188 1557 1236 1609; x_wconf 91' lang='lat' dir='ltr'>est</span> <span class='ocrx_word' id='word_1_74' title='bbox 1262 1542 1505 1627; x_wconf 84' lang='lat' dir='ltr'>procedendum</span> 
     </span>
     <span class='ocr_line' id='line_1_10' title="bbox 337 1652 1507 1737; baseline 0 -23"><span class='ocrx_word' id='word_1_75' title='bbox 337 1654 370 1714; x_wconf 93' lang='lat' dir='ltr'>in</span> <span class='ocrx_word' id='word_1_76' title='bbox 398 1652 565 1716; x_wconf 89' lang='lat' dir='ltr'>infinitum</span> <span class='ocrx_word' id='word_1_77' title='bbox 591 1656 613 1729; x_wconf 90' lang='lat'>¹,</span> <span class='ocrx_word' id='word_1_78' title='bbox 640 1653 712 1718; x_wconf 94' lang='lat' dir='ltr'>ideo</span> <span class='ocrx_word' id='word_1_79' title='bbox 738 1654 843 1717; x_wconf 83' lang='lat' dir='ltr'>existit</span> <span class='ocrx_word' id='word_1_80' title='bbox 868 1653 1002 1737; x_wconf 87' lang='lat' dir='ltr'>aliquod</span> <span class='ocrx_word' id='word_1_81' title='bbox 1029 1672 1165 1717; x_wconf 91' lang='lat' dir='ltr'>movens</span> <span class='ocrx_word' id='word_1_82' title='bbox 1190 1653 1347 1735; x_wconf 92' lang='lat' dir='ltr'>primum,</span> <span class='ocrx_word' id='word_1_83' title='bbox 1375 1671 1414 1715; x_wconf 87' lang='lat' dir='ltr'>ex</span> <span class='ocrx_word' id='word_1_84' title='bbox 1439 1671 1507 1734; x_wconf 91' lang='lat' dir='ltr'>quo</span> 
     </span>
     <span class='ocr_line' id='line_1_11' title="bbox 335 1759 1504 1844; baseline -0.002 -21"><span class='ocrx_word' id='word_1_85' title='bbox 335 1761 399 1823; x_wconf 86' lang='lat' dir='ltr'>exit</span> <span class='ocrx_word' id='word_1_86' title='bbox 428 1773 547 1836; x_wconf 87' lang='lat' dir='ltr'>motus,</span> <span class='ocrx_word' id='word_1_87' title='bbox 577 1761 665 1844; x_wconf 92' lang='lat' dir='ltr'>quod</span> <span class='ocrx_word' id='word_1_88' title='bbox 694 1773 801 1824; x_wconf 88' lang='lat' dir='ltr'>autem</span> <span class='ocrx_word' id='word_1_89' title='bbox 833 1760 939 1844; x_wconf 93' lang='lat' dir='ltr'>ipsum</span> <span class='ocrx_word' id='word_1_90' title='bbox 975 1781 1042 1826; x_wconf 94' lang='lat' dir='ltr'>non</span> <span class='ocrx_word' id='word_1_91' title='bbox 1072 1773 1230 1825; x_wconf 88' lang='lat' dir='ltr'>movetur.</span> <span class='ocrx_word' id='word_1_92' title='bbox 1261 1759 1369 1824; x_wconf 86' lang='lat' dir='ltr'>Causa</span> <span class='ocrx_word' id='word_1_93' title='bbox 1396 1772 1504 1824; x_wconf 91' lang='lat' dir='ltr'>autem</span> 
     </span>
     <span class='ocr_line' id='line_1_12' title="bbox 336 1866 1507 1950; baseline 0 -22"><span class='ocrx_word' id='word_1_94' title='bbox 336 1866 444 1930; x_wconf 90' lang='lat' dir='ltr'>finalis</span> <span class='ocrx_word' id='word_1_95' title='bbox 472 1881 518 1930; x_wconf 88' lang='lat' dir='ltr'>est</span> <span class='ocrx_word' id='word_1_96' title='bbox 543 1868 637 1930; x_wconf 90' lang='lat' dir='ltr'>cuius</span> <span class='ocrx_word' id='word_1_97' title='bbox 664 1868 764 1950; x_wconf 86' lang='lat' dir='ltr'>gratia</span> <span class='ocrx_word' id='word_1_98' title='bbox 793 1878 901 1931; x_wconf 92' lang='lat' dir='ltr'>motus</span> <span class='ocrx_word' id='word_1_99' title='bbox 927 1867 973 1943; x_wconf 87' lang='lat' dir='ltr'>fit,</span> <span class='ocrx_word' id='word_1_100' title='bbox 996 1879 1026 1930; x_wconf 91' lang='lat' dir='ltr'>et</span> <span class='ocrx_word' id='word_1_101' title='bbox 1053 1868 1078 1930; x_wconf 94' lang='lat' dir='ltr'>si</span> <span class='ocrx_word' id='word_1_102' title='bbox 1101 1880 1210 1930; x_wconf 91' lang='lat' dir='ltr'>motus</span> <span class='ocrx_word' id='word_1_103' title='bbox 1234 1885 1301 1928; x_wconf 94' lang='lat' dir='ltr'>non</span> <span class='ocrx_word' id='word_1_104' title='bbox 1328 1877 1420 1943; x_wconf 86' lang='lat' dir='ltr'>esset,</span> <span class='ocrx_word' id='word_1_105' title='bbox 1447 1884 1507 1929; x_wconf 90' lang='lat' dir='ltr'>nec</span> 
     </span>
     <span class='ocr_line' id='line_1_13' title="bbox 335 1971 1507 2057; baseline 0.001 -21"><span class='ocrx_word' id='word_1_106' title='bbox 335 1993 450 2037; x_wconf 90' lang='lat' dir='ltr'>causae</span> <span class='ocrx_word' id='word_1_107' title='bbox 476 1972 585 2036; x_wconf 89' lang='lat' dir='ltr'>finalis</span> <span class='ocrx_word' id='word_1_108' title='bbox 610 1975 778 2037; x_wconf 86' lang='lat' dir='ltr'>existentia</span> <span class='ocrx_word' id='word_1_109' title='bbox 803 1973 930 2057; x_wconf 92' lang='lat' dir='ltr'>probari</span> <span class='ocrx_word' id='word_1_110' title='bbox 960 1974 1124 2056; x_wconf 89' lang='lat' dir='ltr'>potuisset.</span> <span class='ocrx_word' id='word_1_111' title='bbox 1154 1971 1278 2036; x_wconf 88' lang='lat' dir='ltr'>Finalis</span> <span class='ocrx_word' id='word_1_112' title='bbox 1303 1974 1380 2057; x_wconf 92' lang='lat' dir='ltr'>quia</span> <span class='ocrx_word' id='word_1_113' title='bbox 1406 1993 1507 2057; x_wconf 90' lang='lat' dir='ltr'>oppo-</span> 
     </span>
     <span class='ocr_line' id='line_1_14' title="bbox 336 2079 1504 2163; baseline 0.003 -21"><span class='ocrx_word' id='word_1_114' title='bbox 336 2083 423 2144; x_wconf 89' lang='lat' dir='ltr'>nitur</span> <span class='ocrx_word' id='word_1_115' title='bbox 451 2080 645 2163; x_wconf 76' lang='grc' dir='ltr'>(ἀντικειμένη)</span> <span class='ocrx_word' id='word_1_116' title='bbox 673 2082 833 2163; x_wconf 90' lang='lat' dir='ltr'>principio</span> <span class='ocrx_word' id='word_1_117' title='bbox 860 2094 979 2156; x_wconf 90' lang='lat' dir='ltr'>motus,</span> <span class='ocrx_word' id='word_1_118' title='bbox 1009 2079 1081 2144; x_wconf 90' lang='lat' dir='ltr'>ideo</span> <span class='ocrx_word' id='word_1_119' title='bbox 1111 2100 1178 2144; x_wconf 94' lang='lat' dir='ltr'>non</span> <span class='ocrx_word' id='word_1_120' title='bbox 1205 2093 1252 2144; x_wconf 91' lang='lat' dir='ltr'>est</span> <span class='ocrx_word' id='word_1_121' title='bbox 1277 2081 1381 2144; x_wconf 88' lang='lat' dir='ltr'>activa</span> <span class='ocrx_word' id='word_1_122' title='bbox 1404 2085 1426 2158; x_wconf 84' lang='lat'>²,</span> <span class='ocrx_word' id='word_1_123' title='bbox 1450 2082 1504 2146; x_wconf 92' lang='lat' dir='ltr'>sed</span> 
     </span>
     <span class='ocr_line' id='line_1_15' title="bbox 334 2187 1506 2271; baseline 0.002 -21"><span class='ocrx_word' id='word_1_124' title='bbox 334 2188 403 2250; x_wconf 88' lang='lat' dir='ltr'>eius</span> <span class='ocrx_word' id='word_1_125' title='bbox 430 2190 530 2271; x_wconf 86' lang='lat' dir='ltr'>gratia</span> <span class='ocrx_word' id='word_1_126' title='bbox 564 2188 598 2251; x_wconf 90' lang='lat' dir='ltr'>fit</span> <span class='ocrx_word' id='word_1_127' title='bbox 626 2187 837 2252; x_wconf 88' lang='lat' dir='ltr'>solummodo</span> <span class='ocrx_word' id='word_1_128' title='bbox 871 2199 988 2250; x_wconf 91' lang='lat' dir='ltr'>motus.</span> <span class='ocrx_word' id='word_1_129' title='bbox 1020 2187 1105 2251; x_wconf 94' lang='lat' dir='ltr'>Cum</span> <span class='ocrx_word' id='word_1_130' title='bbox 1134 2200 1242 2251; x_wconf 92' lang='lat' dir='ltr'>autem</span> <span class='ocrx_word' id='word_1_131' title='bbox 1273 2201 1303 2251; x_wconf 92' lang='lat' dir='ltr'>et</span> <span class='ocrx_word' id='word_1_132' title='bbox 1335 2189 1369 2251; x_wconf 93' lang='lat' dir='ltr'>in</span> <span class='ocrx_word' id='word_1_133' title='bbox 1399 2190 1506 2252; x_wconf 90' lang='lat' dir='ltr'>causis</span> 
     </span>
     <span class='ocr_line' id='line_1_16' title="bbox 334 2294 1506 2378; baseline 0.002 -22"><span class='ocrx_word' id='word_1_134' title='bbox 334 2294 489 2358; x_wconf 89' lang='lat' dir='ltr'>finalibus</span> <span class='ocrx_word' id='word_1_135' title='bbox 517 2315 584 2359; x_wconf 93' lang='lat' dir='ltr'>non</span> <span class='ocrx_word' id='word_1_136' title='bbox 615 2298 655 2359; x_wconf 92' lang='lat' dir='ltr'>sit</span> <span class='ocrx_word' id='word_1_137' title='bbox 681 2315 848 2378; x_wconf 87' lang='lat' dir='ltr'>processus</span> <span class='ocrx_word' id='word_1_138' title='bbox 876 2297 909 2357; x_wconf 94' lang='lat' dir='ltr'>in</span> <span class='ocrx_word' id='word_1_139' title='bbox 939 2294 1106 2358; x_wconf 93' lang='lat' dir='ltr'>infinitum</span> <span class='ocrx_word' id='word_1_140' title='bbox 1128 2298 1150 2371; x_wconf 79' lang='lat'>³,</span> <span class='ocrx_word' id='word_1_141' title='bbox 1176 2294 1252 2358; x_wconf 94' lang='lat' dir='ltr'>inde</span> <span class='ocrx_word' id='word_1_142' title='bbox 1276 2295 1405 2359; x_wconf 92' lang='lat' dir='ltr'>videtur</span> <span class='ocrx_word' id='word_1_143' title='bbox 1431 2296 1506 2359; x_wconf 93' lang='lat' dir='ltr'>ulti·</span> 
     </span>
     <span class='ocr_line' id='line_1_17' title="bbox 335 2401 1503 2485; baseline 0.002 -21"><span class='ocrx_word' id='word_1_144' title='bbox 335 2423 423 2466; x_wconf 89' lang='lat' dir='ltr'>mam</span> <span class='ocrx_word' id='word_1_145' title='bbox 446 2423 578 2467; x_wconf 88' lang='lat' dir='ltr'>causam</span> <span class='ocrx_word' id='word_1_146' title='bbox 602 2403 733 2466; x_wconf 90' lang='lat' dir='ltr'>finalem</span> <span class='ocrx_word' id='word_1_147' title='bbox 756 2423 823 2468; x_wconf 91' lang='lat' dir='ltr'>esse</span> <span class='ocrx_word' id='word_1_148' title='bbox 847 2404 1028 2485; x_wconf 89' lang='lat' dir='ltr'>oppositam</span> <span class='ocrx_word' id='word_1_149' title='bbox 1051 2401 1202 2475; x_wconf 89' lang='lat' dir='ltr'>efficienti</span> <span class='ocrx_word' id='word_1_150' title='bbox 1224 2403 1306 2466; x_wconf 91' lang='lat' dir='ltr'>sicut</span> <span class='ocrx_word' id='word_1_151' title='bbox 1324 2404 1503 2478; x_wconf 82' lang='lat' dir='ltr'>terminum</span> 
     </span>
     <span class='ocr_line' id='line_1_18' title="bbox 332 2512 1355 2594; baseline 0.01 -22"><span class='ocrx_word' id='word_1_152' title='bbox 332 2512 503 2594; x_wconf 90' lang='lat' dir='ltr'>principio.</span> <span class='ocrx_word' id='word_1_153' title='bbox 699 2581 701 2584; x_wconf 10' lang='grc' dir='ltr'><em>Α</em></span> <span class='ocrx_word' id='word_1_154' title='bbox 1126 2576 1128 2582; x_wconf 89' lang='grc'>,</span> <span class='ocrx_word' id='word_1_155' title='bbox 1195 2578 1200 2585; x_wconf 87' lang='grc'><strong>,</strong></span> <span class='ocrx_word' id='word_1_156' title='bbox 1329 2577 1355 2584; x_wconf 86' lang='grc'>,,</span> 
     </span>
    </p>

    <p class='ocr_par' dir='ltr' id='par_1_4' title="bbox 332 2617 1505 3133">
     <span class='ocr_line' id='line_1_19' title="bbox 413 2617 1505 2702; baseline 0.001 -21"><span class='ocrx_word' id='word_1_157' title='bbox 413 2619 520 2681; x_wconf 87' lang='lat' dir='ltr'>Causa</span> <span class='ocrx_word' id='word_1_158' title='bbox 539 2617 683 2683; x_wconf 89' lang='lat' dir='ltr'>efficiens</span> <span class='ocrx_word' id='word_1_159' title='bbox 704 2639 759 2683; x_wconf 90' lang='lat' dir='ltr'>seu</span> <span class='ocrx_word' id='word_1_160' title='bbox 779 2619 976 2702; x_wconf 90' lang='lat' dir='ltr'>principium</span> <span class='ocrx_word' id='word_1_161' title='bbox 998 2630 1107 2681; x_wconf 88' lang='lat' dir='ltr'>motus</span> <span class='ocrx_word' id='word_1_162' title='bbox 1126 2630 1172 2681; x_wconf 91' lang='lat' dir='ltr'>est</span> <span class='ocrx_word' id='word_1_163' title='bbox 1190 2618 1382 2681; x_wconf 85' lang='lat' dir='ltr'>causa-finis</span> <span class='ocrx_word' id='word_1_164' title='bbox 1401 2638 1505 2702; x_wconf 93' lang='lat' dir='ltr'>quan·</span> 
     </span>
     <span class='ocr_line' id='line_1_20' title="bbox 332 2725 1501 2810; baseline 0.001 -22"><span class='ocrx_word' id='word_1_165' title='bbox 332 2737 402 2799; x_wconf 86' lang='lat' dir='ltr'>tum</span> <span class='ocrx_word' id='word_1_166' title='bbox 430 2725 470 2788; x_wconf 92' lang='lat' dir='ltr'>ad</span> <span class='ocrx_word' id='word_1_167' title='bbox 497 2745 575 2801; x_wconf 91' lang='lat' dir='ltr'>esse,</span> <span class='ocrx_word' id='word_1_168' title='bbox 603 2727 680 2808; x_wconf 94' lang='lat' dir='ltr'>quia</span> <span class='ocrx_word' id='word_1_169' title='bbox 707 2725 871 2790; x_wconf 86' lang='lat' dir='ltr'>movendo</span> <span class='ocrx_word' id='word_1_170' title='bbox 900 2745 966 2789; x_wconf 91' lang='lat' dir='ltr'>rem</span> <span class='ocrx_word' id='word_1_171' title='bbox 985 2725 1140 2809; x_wconf 16' lang='lat' dir='ltr'>&gt;perducit</span> <span class='ocrx_word' id='word_1_172' title='bbox 1165 2738 1201 2789; x_wconf 86' lang='lat' dir='ltr'>ut</span> <span class='ocrx_word' id='word_1_173' title='bbox 1229 2725 1328 2804; x_wconf 73' lang='lat' dir='ltr'>linem</span> <span class='ocrx_word' id='word_1_174' title='bbox 1355 2726 1501 2810; x_wconf 88' lang='lat' dir='ltr'>attingat.</span> 
     </span>
     <span class='ocr_line' id='line_1_21' title="bbox 333 2832 1504 2917; baseline 0.002 -22"><span class='ocrx_word' id='word_1_175' title='bbox 333 2833 380 2895; x_wconf 87' lang='lat' dir='ltr'>Ex</span> <span class='ocrx_word' id='word_1_176' title='bbox 398 2832 495 2897; x_wconf 91' lang='lat' dir='ltr'>altera</span> <span class='ocrx_word' id='word_1_177' title='bbox 515 2847 602 2916; x_wconf 87' lang='lat' dir='ltr'>pane</span> <span class='ocrx_word' id='word_1_178' title='bbox 621 2833 697 2897; x_wconf 90' lang='lat' dir='ltr'>finis</span> <span class='ocrx_word' id='word_1_179' title='bbox 716 2846 763 2896; x_wconf 93' lang='lat' dir='ltr'>est</span> <span class='ocrx_word' id='word_1_180' title='bbox 781 2854 877 2898; x_wconf 90' lang='lat' dir='ltr'>causa</span> <span class='ocrx_word' id='word_1_181' title='bbox 896 2853 1011 2897; x_wconf 91' lang='lat' dir='ltr'>causae</span> <span class='ocrx_word' id='word_1_182' title='bbox 1030 2832 1200 2896; x_wconf 85' lang='lat' dir='ltr'>efficientis</span> <span class='ocrx_word' id='word_1_183' title='bbox 1220 2853 1287 2898; x_wconf 95' lang='lat' dir='ltr'>non</span> <span class='ocrx_word' id='word_1_184' title='bbox 1308 2832 1416 2917; x_wconf 90' lang='lat' dir='ltr'>quoad</span> <span class='ocrx_word' id='word_1_185' title='bbox 1436 2853 1504 2897; x_wconf 91' lang='lat' dir='ltr'>esse</span> 
     </span>
     <span class='ocr_line' id='line_1_22' title="bbox 333 2939 1501 3024; baseline 0 -20"><span class='ocrx_word' id='word_1_186' title='bbox 333 2941 388 3004; x_wconf 89' lang='lat' dir='ltr'>sed</span> <span class='ocrx_word' id='word_1_187' title='bbox 417 2941 525 3024; x_wconf 90' lang='lat' dir='ltr'>quoad</span> <span class='ocrx_word' id='word_1_188' title='bbox 549 2943 706 3006; x_wconf 89' lang='lat' dir='ltr'>rationem</span> <span class='ocrx_word' id='word_1_189' title='bbox 733 2942 941 3017; x_wconf 91' lang='lat' dir='ltr'>causalitatis,</span> <span class='ocrx_word' id='word_1_190' title='bbox 968 2960 1046 3003; x_wconf 93' lang='lat' dir='ltr'>nam</span> <span class='ocrx_word' id='word_1_191' title='bbox 1073 2939 1216 3004; x_wconf 89' lang='lat' dir='ltr'>efficiens</span> <span class='ocrx_word' id='word_1_192' title='bbox 1242 2953 1289 3005; x_wconf 87' lang='lat' dir='ltr'>est</span> <span class='ocrx_word' id='word_1_193' title='bbox 1315 2942 1349 3003; x_wconf 91' lang='lat' dir='ltr'>in</span> <span class='ocrx_word' id='word_1_194' title='bbox 1373 2953 1501 3006; x_wconf 87' lang='lat' dir='ltr'>tantum</span> 
     </span>
     <span class='ocr_line' id='line_1_23' title="bbox 332 3049 1399 3133; baseline 0 -21"><span class='ocrx_word' id='word_1_195' title='bbox 332 3068 428 3112; x_wconf 93' lang='lat' dir='ltr'>causa</span> <span class='ocrx_word' id='word_1_196' title='bbox 444 3050 477 3114; x_wconf 90' lang='lat' dir='ltr'>in</span> <span class='ocrx_word' id='word_1_197' title='bbox 498 3061 659 3132; x_wconf 91' lang='lat' dir='ltr'>quantum</span> <span class='ocrx_word' id='word_1_198' title='bbox 679 3051 744 3133; x_wconf 87' lang='lat' dir='ltr'>agit</span> <span class='ocrx_word' id='word_1_199' title='bbox 762 3062 889 3133; x_wconf 91' lang='lat' dir='ltr'>propter</span> <span class='ocrx_word' id='word_1_200' title='bbox 907 3049 1019 3125; x_wconf 88' lang='lat' dir='ltr'>finem,</span> <span class='ocrx_word' id='word_1_201' title='bbox 1037 3061 1072 3112; x_wconf 93' lang='lat' dir='ltr'>ut</span> <span class='ocrx_word' id='word_1_202' title='bbox 1091 3050 1197 3112; x_wconf 90' lang='lat' dir='ltr'>statim</span> <span class='ocrx_word' id='word_1_203' title='bbox 1218 3049 1399 3116; x_wconf 89' lang='lat' dir='ltr'>ostendam.</span> 
     </span>
    </p>

    <p class='ocr_par' dir='ltr' id='par_1_5' title="bbox 329 3155 1504 3882">
     <span class='ocr_line' id='line_1_24' title="bbox 412 3155 1503 3240; baseline 0.001 -21"><span class='ocrx_word' id='word_1_204' title='bbox 412 3156 519 3220; x_wconf 88' lang='lat' dir='ltr'>Causa</span> <span class='ocrx_word' id='word_1_205' title='bbox 552 3155 697 3220; x_wconf 86' lang='lat' dir='ltr'>efficiens</span> <span class='ocrx_word' id='word_1_206' title='bbox 731 3168 777 3221; x_wconf 89' lang='lat' dir='ltr'>est</span> <span class='ocrx_word' id='word_1_207' title='bbox 809 3157 945 3240; x_wconf 85' lang='lat' dir='ltr'>primus·</span> <span class='ocrx_word' id='word_1_208' title='bbox 968 3168 1074 3224; x_wconf 83' lang='lat' dir='ltr'>motor</span> <span class='ocrx_word' id='word_1_209' title='bbox 1107 3155 1300 3220; x_wconf 52' lang='lat' dir='ltr'>immobilis«</span> <span class='ocrx_word' id='word_1_210' title='bbox 1323 3176 1379 3221; x_wconf 91' lang='lat' dir='ltr'>seu</span> <span class='ocrx_word' id='word_1_211' title='bbox 1411 3170 1503 3221; x_wconf 90' lang='lat' dir='ltr'>actus</span> 
     </span>
     <span class='ocr_line' id='line_1_25' title="bbox 332 3261 1501 3345; baseline 0.002 -19"><span class='ocrx_word' id='word_1_212' title='bbox 332 3282 432 3345; x_wconf 88' lang='lat' dir='ltr'>purus</span> <span class='ocrx_word' id='word_1_213' title='bbox 455 3264 479 3339; x_wconf 61' lang='lat' dir='ltr'>l,</span> <span class='ocrx_word' id='word_1_214' title='bbox 502 3264 595 3325; x_wconf 93' lang='lat' dir='ltr'>cuius</span> <span class='ocrx_word' id='word_1_215' title='bbox 624 3264 764 3326; x_wconf 87' lang='lat' dir='ltr'>essentia·</span> <span class='ocrx_word' id='word_1_216' title='bbox 790 3275 825 3326; x_wconf 92' lang='lat' dir='ltr'>ut</span> <span class='ocrx_word' id='word_1_217' title='bbox 849 3282 964 3326; x_wconf 90' lang='lat' dir='ltr'>causae</span> <span class='ocrx_word' id='word_1_218' title='bbox 994 3261 1163 3326; x_wconf 88' lang='lat' dir='ltr'>efficientis</span> <span class='ocrx_word' id='word_1_219' title='bbox 1190 3263 1225 3325; x_wconf 92' lang='lat' dir='ltr'>in</span> <span class='ocrx_word' id='word_1_220' title='bbox 1254 3262 1315 3326; x_wconf 89' lang='lat' dir='ltr'>hoc</span> <span class='ocrx_word' id='word_1_221' title='bbox 1341 3265 1501 3342; x_wconf 86' lang='lat' dir='ltr'>consistit,</span> 
     </span>
     <span class='ocr_line' id='line_1_26' title="bbox 331 3368 1503 3453; baseline 0.001 -20"><span class='ocrx_word' id='word_1_222' title='bbox 331 3369 420 3453; x_wconf 93' lang='lat' dir='ltr'>quod</span> <span class='ocrx_word' id='word_1_223' title='bbox 446 3369 487 3433; x_wconf 92' lang='lat' dir='ltr'>ab</span> <span class='ocrx_word' id='word_1_224' title='bbox 516 3390 553 3433; x_wconf 90' lang='lat' dir='ltr'>eo</span> <span class='ocrx_word' id='word_1_225' title='bbox 584 3382 692 3433; x_wconf 93' lang='lat' dir='ltr'>motus</span> <span class='ocrx_word' id='word_1_226' title='bbox 720 3372 897 3434; x_wconf 92' lang='lat' dir='ltr'>continuus</span> <span class='ocrx_word' id='word_1_227' title='bbox 923 3369 1113 3446; x_wconf 87' lang='lat' dir='ltr'>orbicularis</span> <span class='ocrx_word' id='word_1_228' title='bbox 1145 3368 1356 3444; x_wconf 71' lang='lat' dir='ltr'>totiuscoeli</span> <span class='ocrx_word' id='word_1_229' title='bbox 1390 3389 1503 3453; x_wconf 90' lang='lat' dir='ltr'>prove-</span> 
     </span>
     <span class='ocr_line' id='line_1_27' title="bbox 332 3476 1503 3559; baseline 0.001 -19"><span class='ocrx_word' id='word_1_230' title='bbox 332 3478 400 3540; x_wconf 92' lang='lat' dir='ltr'>niat</span> <span class='ocrx_word' id='word_1_231' title='bbox 425 3479 448 3539; x_wconf 76' lang='lat'>⁵.</span> <span class='ocrx_word' id='word_1_232' title='bbox 479 3477 564 3558; x_wconf 90' lang='lat' dir='ltr'>Quia</span> <span class='ocrx_word' id='word_1_233' title='bbox 595 3478 682 3540; x_wconf 86' lang='lat' dir='ltr'>iuxta</span> <span class='ocrx_word' id='word_1_234' title='bbox 712 3476 916 3546; x_wconf 84' lang='lat' dir='ltr'>Aristotelem</span> <span class='ocrx_word' id='word_1_235' title='bbox 938 3489 1062 3545; x_wconf 17' lang='lat' dir='ltr'>*motus</span> <span class='ocrx_word' id='word_1_236' title='bbox 1091 3489 1137 3539; x_wconf 90' lang='lat' dir='ltr'>est</span> <span class='ocrx_word' id='word_1_237' title='bbox 1169 3477 1395 3559; x_wconf 91' lang='lat' dir='ltr'>sempiternus,</span> <span class='ocrx_word' id='word_1_238' title='bbox 1429 3476 1503 3541; x_wconf 92' lang='lat' dir='ltr'>ideo</span> 
     </span>
     <span class='ocr_line' id='line_1_28' title="bbox 330 3582 1504 3668; baseline -0.001 -20"><span class='ocrx_word' id='word_1_239' title='bbox 330 3596 464 3665; x_wconf 83' lang='lat' dir='ltr'>oportet,</span> <span class='ocrx_word' id='word_1_240' title='bbox 485 3597 521 3647; x_wconf 94' lang='lat' dir='ltr'>ut</span> <span class='ocrx_word' id='word_1_241' title='bbox 542 3582 625 3646; x_wconf 92' lang='lat' dir='ltr'>illud</span> <span class='ocrx_word' id='word_1_242' title='bbox 646 3584 733 3667; x_wconf 93' lang='lat' dir='ltr'>quod</span> <span class='ocrx_word' id='word_1_243' title='bbox 758 3586 865 3666; x_wconf 90' lang='lat' dir='ltr'>primo</span> <span class='ocrx_word' id='word_1_244' title='bbox 886 3596 1045 3658; x_wconf 86' lang='lat' dir='ltr'>movetur,</span> <span class='ocrx_word' id='word_1_245' title='bbox 1067 3582 1128 3646; x_wconf 93' lang='lat' dir='ltr'>hoc</span> <span class='ocrx_word' id='word_1_246' title='bbox 1152 3596 1198 3646; x_wconf 88' lang='lat' dir='ltr'>est</span> <span class='ocrx_word' id='word_1_247' title='bbox 1220 3583 1361 3660; x_wconf 88' lang='lat' dir='ltr'>coelum,</span> <span class='ocrx_word' id='word_1_248' title='bbox 1384 3586 1504 3668; x_wconf 87' lang='lat' dir='ltr'>sempi-</span> 
     </span>
     <span class='ocr_line' id='line_1_29' title="bbox 329 3689 1503 3773; baseline 0.003 -21"><span class='ocrx_word' id='word_1_249' title='bbox 329 3700 418 3754; x_wconf 92' lang='lat' dir='ltr'>terne</span> <span class='ocrx_word' id='word_1_250' title='bbox 442 3703 611 3754; x_wconf 90' lang='lat' dir='ltr'>moveatur</span> <span class='ocrx_word' id='word_1_251' title='bbox 634 3702 664 3753; x_wconf 93' lang='lat' dir='ltr'>et</span> <span class='ocrx_word' id='word_1_252' title='bbox 689 3702 725 3755; x_wconf 92' lang='lat' dir='ltr'>ut</span> <span class='ocrx_word' id='word_1_253' title='bbox 748 3709 804 3773; x_wconf 90' lang='lat' dir='ltr'>per</span> <span class='ocrx_word' id='word_1_254' title='bbox 830 3691 937 3773; x_wconf 88' lang='lat' dir='ltr'>ipsum</span> <span class='ocrx_word' id='word_1_255' title='bbox 965 3699 1066 3752; x_wconf 90' lang='lat' dir='ltr'>cetera</span> <span class='ocrx_word' id='word_1_256' title='bbox 1093 3700 1295 3753; x_wconf 86' lang='lat' dir='ltr'>moveantur.</span> <span class='ocrx_word' id='word_1_257' title='bbox 1322 3689 1503 3766; x_wconf 88' lang='lat' dir='ltr'>Necessitas</span> 
     </span>
     <span class='ocr_line' id='line_1_30' title="bbox 329 3795 1503 3882; baseline 0.001 -21"><span class='ocrx_word' id='word_1_258' title='bbox 329 3799 427 3882; x_wconf 91' lang='lat' dir='ltr'>primi</span> <span class='ocrx_word' id='word_1_259' title='bbox 461 3810 570 3863; x_wconf 91' lang='lat' dir='ltr'>motus</span> <span class='ocrx_word' id='word_1_260' title='bbox 602 3798 822 3881; x_wconf 85' lang='lat' dir='ltr'>provenientis</span> <span class='ocrx_word' id='word_1_261' title='bbox 855 3817 873 3859; x_wconf 92' lang='lat' dir='ltr'>a</span> <span class='ocrx_word' id='word_1_262' title='bbox 909 3809 1033 3860; x_wconf 90' lang='lat' dir='ltr'>motore</span> <span class='ocrx_word' id='word_1_263' title='bbox 1067 3795 1231 3860; x_wconf 91' lang='lat' dir='ltr'>immobili</span> <span class='ocrx_word' id='word_1_264' title='bbox 1265 3816 1333 3859; x_wconf 92' lang='lat' dir='ltr'>non</span> <span class='ocrx_word' id='word_1_265' title='bbox 1367 3796 1503 3863; x_wconf 86' lang='lat' dir='ltr'>aliunde</span> 
     </span>
    </p>
   </div>
   <div class='ocr_carea' id='block_1_3' title="bbox 328 4082 1503 4634">
    <p class='ocr_par' dir='ltr' id='par_1_6' title="bbox 394 4082 798 4149">
     <span class='ocr_line' id='line_1_31' title="bbox 394 4082 798 4149; baseline -0.002 -15"><span class='ocrx_word' id='word_1_266' title='bbox 394 4099 413 4134; x_wconf 91' lang='lat' dir='ltr'>r.</span> <span class='ocrx_word' id='word_1_267' title='bbox 430 4084 451 4135; x_wconf 94' lang='lat' dir='ltr'>ll</span> <span class='ocrx_word' id='word_1_268' title='bbox 468 4083 543 4144; x_wconf 79' lang='lat' dir='ltr'>Met,</span> <span class='ocrx_word' id='word_1_269' title='bbox 556 4099 584 4144; x_wconf 87' lang='lat' dir='ltr'>rr,</span> <span class='ocrx_word' id='word_1_270' title='bbox 601 4097 627 4149; x_wconf 86' lang='lat' dir='ltr'>p.</span> <span class='ocrx_word' id='word_1_271' title='bbox 642 4082 698 4148; x_wconf 82' lang='lat'><strong>486,</strong></span> <span class='ocrx_word' id='word_1_272' title='bbox 714 4097 739 4131; x_wconf 87' lang='lat' dir='ltr'>v.</span> <span class='ocrx_word' id='word_1_273' title='bbox 754 4095 798 4147; x_wconf 84' lang='lat'>4¹·</span> 
     </span>
    </p>

    <p class='ocr_par' dir='ltr' id='par_1_7' title="bbox 328 4149 1503 4309">
     <span class='ocr_line' id='line_1_32' title="bbox 390 4149 1503 4230; baseline -0.006 -14"><span class='ocrx_word' id='word_1_274' title='bbox 390 4181 413 4215; x_wconf 88' lang='lat'>2.</span> <span class='ocrx_word' id='word_1_275' title='bbox 431 4167 440 4215; x_wconf 96' lang='lat' dir='ltr'>l</span> <span class='ocrx_word' id='word_1_276' title='bbox 455 4162 602 4230; x_wconf 83' lang='lat' dir='ltr'>Degener.</span> <span class='ocrx_word' id='word_1_277' title='bbox 623 4174 649 4214; x_wconf 91' lang='lat' dir='ltr'>et</span> <span class='ocrx_word' id='word_1_278' title='bbox 668 4178 733 4222; x_wconf 67' lang='lat' dir='ltr'>cor„</span> <span class='ocrx_word' id='word_1_279' title='bbox 754 4179 799 4222; x_wconf 87' lang='lat' dir='ltr'>vn,</span> <span class='ocrx_word' id='word_1_280' title='bbox 820 4175 875 4228; x_wconf 62' lang='lat'>4475</span> <span class='ocrx_word' id='word_1_281' title='bbox 896 4178 920 4212; x_wconf 85' lang='lat' dir='ltr'>v.</span> <span class='ocrx_word' id='word_1_282' title='bbox 941 4159 987 4213; x_wconf 66' lang='lat' dir='ltr'>28.v</span> <span class='ocrx_word' id='word_1_283' title='bbox 999 4153 1066 4208; x_wconf 82' lang='grc' dir='ltr'>Ἐστι</span> <span class='ocrx_word' id='word_1_284' title='bbox 1084 4149 1112 4207; x_wconf 70' lang='grc' dir='ltr'>δὲ</span> <span class='ocrx_word' id='word_1_285' title='bbox 1130 4157 1157 4209; x_wconf 73' lang='grc' dir='ltr'>τὸ</span> <span class='ocrx_word' id='word_1_286' title='bbox 1175 4156 1385 4214; x_wconf 61' lang='lat' dir='ltr'>attumulati</span> <span class='ocrx_word' id='word_1_287' title='bbox 1405 4159 1436 4218; x_wconf 79' lang='grc' dir='ltr'>ὡς</span> <span class='ocrx_word' id='word_1_288' title='bbox 1454 4157 1503 4210; x_wconf 74' lang='lat' dir='ltr'>ilar</span> 
     </span>
     <span class='ocr_line' id='line_1_33' title="bbox 328 4231 985 4309; baseline -0.011 -14"><span class='ocrx_word' id='word_1_289' title='bbox 328 4240 417 4309; x_wconf 76' lang='grc' dir='ltr'>ἡάρχὴ</span> <span class='ocrx_word' id='word_1_290' title='bbox 431 4245 473 4298; x_wconf 76' lang='grc' dir='ltr'>τῆς</span> <span class='ocrx_word' id='word_1_291' title='bbox 486 4241 603 4298; x_wconf 64' lang='grc' dir='ltr'>κινήσεως·</span> <span class='ocrx_word' id='word_1_292' title='bbox 618 4241 644 4290; x_wconf 82' lang='grc' dir='ltr'>τὸ</span> <span class='ocrx_word' id='word_1_293' title='bbox 658 4231 710 4289; x_wconf 77' lang='grc' dir='ltr'>δίὗ</span> <span class='ocrx_word' id='word_1_294' title='bbox 725 4240 800 4298; x_wconf 72' lang='grc' dir='ltr'><strong>ἕνεκα,</strong></span> <span class='ocrx_word' id='word_1_295' title='bbox 816 4236 841 4288; x_wconf 73' lang='grc' dir='ltr'>οὗ</span> <span class='ocrx_word' id='word_1_296' title='bbox 856 4241 985 4293; x_wconf 73' lang='grc' dir='ltr'>ποιητικόν.</span> 
     </span>
    </p>

    <p class='ocr_par' dir='ltr' id='par_1_8' title="bbox 391 4326 876 4392">
     <span class='ocr_line' id='line_1_34' title="bbox 391 4326 876 4392; baseline -0.004 -15"><span class='ocrx_word' id='word_1_297' title='bbox 391 4326 413 4377; x_wconf 81' lang='lat'>3.</span> <span class='ocrx_word' id='word_1_298' title='bbox 429 4328 490 4378; x_wconf 88' lang='lat' dir='ltr'>Vid.</span> <span class='ocrx_word' id='word_1_299' title='bbox 508 4339 600 4379; x_wconf 86' lang='lat' dir='ltr'>notam</span> <span class='ocrx_word' id='word_1_300' title='bbox 613 4341 646 4392; x_wconf 83' lang='lat'>44</span> <span class='ocrx_word' id='word_1_301' title='bbox 660 4326 693 4377; x_wconf 91' lang='lat' dir='ltr'>de</span> <span class='ocrx_word' id='word_1_302' title='bbox 707 4328 876 4390; x_wconf 79' lang='lat' dir='ltr'>Anaxagora.</span> 
     </span>
    </p>

    <p class='ocr_par' dir='ltr' id='par_1_9' title="bbox 388 4406 807 4472">
     <span class='ocr_line' id='line_1_35' title="bbox 388 4406 807 4472; baseline -0.002 -16"><span class='ocrx_word' id='word_1_303' title='bbox 388 4422 413 4471; x_wconf 90' lang='grc'>4.</span> <span class='ocrx_word' id='word_1_304' title='bbox 427 4408 462 4456; x_wconf 83' lang='lat' dir='ltr'>Xl</span> <span class='ocrx_word' id='word_1_305' title='bbox 479 4409 554 4470; x_wconf 78' lang='lat' dir='ltr'>Met,</span> <span class='ocrx_word' id='word_1_306' title='bbox 568 4424 605 4468; x_wconf 88' lang='lat' dir='ltr'>vr,</span> <span class='ocrx_word' id='word_1_307' title='bbox 621 4423 647 4472; x_wconf 85' lang='lat' dir='ltr'>p.</span> <span class='ocrx_word' id='word_1_308' title='bbox 660 4407 715 4471; x_wconf 83' lang='lat'><strong>604,</strong></span> <span class='ocrx_word' id='word_1_309' title='bbox 729 4422 755 4457; x_wconf 86' lang='lat' dir='ltr'>v.</span> <span class='ocrx_word' id='word_1_310' title='bbox 772 4406 807 4456; x_wconf 82' lang='lat'>13.</span> 
     </span>
    </p>

    <p class='ocr_par' dir='ltr' id='par_1_10' title="bbox 329 4484 1499 4634">
     <span class='ocr_line' id='line_1_36' title="bbox 391 4484 1499 4553; baseline -0.001 -16"><span class='ocrx_word' id='word_1_311' title='bbox 391 4488 414 4537; x_wconf 84' lang='lat'>5.</span> <span class='ocrx_word' id='word_1_312' title='bbox 432 4486 465 4536; x_wconf 81' lang='lat' dir='ltr'>xl</span> <span class='ocrx_word' id='word_1_313' title='bbox 487 4489 560 4548; x_wconf 77' lang='lat' dir='ltr'>Met,</span> <span class='ocrx_word' id='word_1_314' title='bbox 581 4503 636 4546; x_wconf 86' lang='lat' dir='ltr'>vm,</span> <span class='ocrx_word' id='word_1_315' title='bbox 661 4504 687 4553; x_wconf 88' lang='lat' dir='ltr'>p.</span> <span class='ocrx_word' id='word_1_316' title='bbox 706 4486 761 4547; x_wconf 78' lang='lat'>606,</span> <span class='ocrx_word' id='word_1_317' title='bbox 778 4501 810 4536; x_wconf 89' lang='lat' dir='ltr'>v.-</span> <span class='ocrx_word' id='word_1_318' title='bbox 825 4484 854 4536; x_wconf 83' lang='lat'>33</span> <span class='ocrx_word' id='word_1_319' title='bbox 874 4498 931 4550; x_wconf 86' lang='lat' dir='ltr'>ss.;</span> <span class='ocrx_word' id='word_1_320' title='bbox 952 4485 1023 4537; x_wconf 93' lang='lat' dir='ltr'>idem</span> <span class='ocrx_word' id='word_1_321' title='bbox 1047 4486 1104 4550; x_wconf 70' lang='lat' dir='ltr'>lin,</span> <span class='ocrx_word' id='word_1_322' title='bbox 1126 4501 1149 4539; x_wconf 85' lang='lat' dir='ltr'>c.</span> <span class='ocrx_word' id='word_1_323' title='bbox 1167 4503 1203 4548; x_wconf 81' lang='lat' dir='ltr'>rr,</span> <span class='ocrx_word' id='word_1_324' title='bbox 1227 4501 1253 4553; x_wconf 89' lang='lat' dir='ltr'>p.</span> <span class='ocrx_word' id='word_1_325' title='bbox 1275 4486 1329 4553; x_wconf 78' lang='lat'><strong>604,</strong></span> <span class='ocrx_word' id='word_1_326' title='bbox 1346 4502 1371 4543; x_wconf 76' lang='lat' dir='ltr'>v.</span> <span class='ocrx_word' id='word_1_327' title='bbox 1392 4486 1405 4537; x_wconf 84' lang='lat'>3</span> <span class='ocrx_word' id='word_1_328' title='bbox 1422 4506 1428 4548; x_wconf 90' lang='lat'>;</span> <span class='ocrx_word' id='word_1_329' title='bbox 1452 4485 1499 4547; x_wconf 86' lang='lat' dir='ltr'>id,</span> 
     </span>
     <span class='ocr_line' id='line_1_37' title="bbox 329 4568 654 4634; baseline 0.006 -17"><span class='ocrx_word' id='word_1_330' title='bbox 329 4581 351 4617; x_wconf 92' lang='lat' dir='ltr'>c.</span> <span class='ocrx_word' id='word_1_331' title='bbox 368 4582 413 4626; x_wconf 87' lang='lat' dir='ltr'>vn,</span> <span class='ocrx_word' id='word_1_332' title='bbox 430 4583 456 4632; x_wconf 90' lang='lat' dir='ltr'>p.</span> <span class='ocrx_word' id='word_1_333' title='bbox 474 4568 533 4627; x_wconf 79' lang='lat'><strong>605,</strong></span> <span class='ocrx_word' id='word_1_334' title='bbox 551 4585 574 4619; x_wconf 82' lang='lat' dir='ltr'>v.</span> <span class='ocrx_word' id='word_1_335' title='bbox 591 4585 621 4634; x_wconf 83' lang='lat'>²9</span> <span class='ocrx_word' id='word_1_336' title='bbox 634 4584 654 4620; x_wconf 87' lang='lat' dir='ltr'>s.</span> 
     </span>
    </p>
   </div>
   <div class='ocr_carea' id='block_1_4' title="bbox 0 0 1644 5536">
    <p class='ocr_par' dir='ltr' id='par_1_11' title="bbox 0 0 1644 5536">
     <span class='ocr_line' id='line_1_38' title="bbox 0 0 1644 5536; baseline 0 4"><span class='ocrx_word' id='word_1_337' title='bbox 0 0 1644 5536; x_wconf 95' lang='lat' dir='ltr'> </span> 
     </span>
    </p>
   </div>
  </div>
 </body>
</html>
