3278 5536
606 1859 823 1936 Introductio
852 1861 889 1935 in
921 1889 936 1930 ν
968 1859 1164 1936 Timaeum.
1198 1887 1212 1928 ν

408 2215 445 2277 ln
472 2212 745 2288 «Phaedone»,
774 2225 809 2275 ut
834 2212 991 2286 vidimus,
1021 2209 1111 2273 Plato
1139 2221 1199 2271 νοῦν
1227 2210 1437 2292 Anaxagorae
1467 2221 1503 2274 ut

328 2343 437 2386 veram
458 2323 610 2385 omnium
634 2340 766 2384 causam
790 2321 975 2403 recognovit
992 2341 999 2394 ;
1023 2338 1123 2402 quam
1139 2338 1270 2381 causam
1286 2330 1396 2381 tamen
1413 2337 1504 2400 prae·

327 2430 474 2493 termittit
497 2439 528 2492 et
552 2428 639 2491 ideas
665 2428 758 2509 ponit
785 2438 821 2489 ut
850 2446 964 2489 causas
989 2425 1206 2509 generationis
1232 2436 1262 2487 et
1285 2426 1504 2507 corruptionis

328 2534 573 2618 singularium;
605 2554 709 2617 neque
737 2534 777 2598 de
808 2534 889 2597 ideis
917 2532 1062 2616 loquitur
1092 2533 1154 2595 nisi
1187 2533 1221 2594 in
1249 2531 1366 2614 plurali
1397 2533 1440 2596 ita
1469 2545 1505 2596 ut

328 2643 461 2726 quaevis
492 2641 563 2704 idea
593 2642 727 2704 nonnisi
756 2660 853 2703 causa
882 2638 1085 2721 particularis
1113 2641 1179 2714 sit;
1210 2640 1327 2721 pariter
1358 2638 1440 2702 nulli
1466 2660 1505 2703 ex

331 2748 419 2812 hisce
445 2748 526 2811 ideis
545 2766 616 2811 eam
639 2747 752 2810 tribuit
772 2745 993 2809 causalitatem
1019 2758 1054 2808 ut
1077 2759 1114 2828 νῷ
1135 2747 1355 2829 Anaxagorae.
1380 2747 1444 2811 Sed
1470 2749 1504 2811 in

332 2854 393 2918 hoc
417 2853 546 2937 dialogo
571 2873 638 2917 non
664 2853 821 2917 indicavit
840 2852 1009 2936 quomodo
1030 2853 1119 2916 ideae
1137 2865 1317 2916 causarent.

413 2961 449 3023 ln
473 2959 730 3043 «Republica»
755 2959 845 3023 Plato
870 2959 1004 3023 ulterius
1030 2960 1231 3042 progreditur
1250 2972 1347 3043 atque
1368 2980 1406 3023 ex
1429 2982 1507 3025 con-

332 3067 526 3130 sideratione
553 3066 698 3130 idearum
721 3065 762 3129 ad
787 3085 954 3128 summam
976 3065 1081 3129 ideam
1108 3066 1187 3128 boni
1211 3067 1378 3148 pervenit;
1404 3088 1505 3151 quam

335 3170 387 3234 ille
414 3171 554 3234 omnino
580 3191 598 3234 a
624 3173 734 3234 ceteris
768 3171 848 3236 ideis
879 3172 1076 3255 distinguit;
1111 3183 1141 3235 et
1170 3184 1339 3255 tamquam
1373 3193 1506 3238 causam

334 3281 487 3342 omnium
509 3279 654 3343 idearum
678 3298 850 3363 rerumque
873 3279 978 3343 habet.
1002 3279 1090 3342 Licet
1111 3278 1202 3343 Plato
1225 3298 1292 3342 non
1314 3280 1509 3345 determina-

335 3387 415 3450 verit
434 3406 517 3469 quae
536 3387 577 3449 sit
595 3385 766 3449 causalitas
781 3386 927 3450 idearum
949 3386 1009 3449 sub
1026 3386 1096 3449 idea
1115 3385 1206 3462 boni,
1223 3407 1306 3470 quae
1320 3388 1510 3470 principalis

337 3493 489 3556 omnium
513 3512 609 3555 causa
634 3505 680 3556 est
700 3494 818 3575 pariter
837 3513 874 3556 ac
894 3505 953 3563 νοῦς
973 3494 1198 3575 Anaxagorae,
1223 3506 1332 3557 tamen
1356 3498 1511 3577 supponit

336 3612 454 3663 ceteras
479 3599 566 3662 ideas
590 3619 703 3662 causas
727 3600 887 3664 secundas
910 3620 990 3676 esse,
1012 3601 1089 3683 quia
1115 3599 1189 3664 illae
1212 3602 1295 3664 sicut
1319 3603 1352 3664 in
1377 3621 1445 3665 esse
1469 3603 1510 3665 ab

339 3704 410 3768 idea
431 3705 509 3768 boni
530 3705 714 3787 dependent
733 3707 775 3768 ita
795 3718 825 3770 et
845 3707 879 3769 in
898 3706 1065 3770 causando
1087 3707 1206 3770 debent
1223 3706 1413 3789 dependere.

422 3811 532 3895 Usque
557 3811 665 3875 adhuc
692 3812 782 3875 Plato
812 3813 962 3876 nondum
991 3813 1162 3896 explicavit
1187 3814 1403 3896 quaestiones,
1429 3835 1512 3898 quas

342 3919 375 3979 in
403 3918 659 3981 «Phaedone»
686 3919 897 4002 Anaxagorae
924 3932 1143 4002 proposuerat,
1175 3938 1292 4001 nempe
1320 3919 1360 3982 de
1389 3920 1512 3984 finibus

342 4044 449 4088 rerum
485 4038 725 4108 generatarum,
759 4047 790 4090 v.
828 4046 873 4110 gr.
911 4046 994 4109 quae
1027 4039 1132 4090 essent
1167 4038 1300 4090 naturae
1332 4025 1510 4105 stellarum,

341 4150 518 4215 earumque
547 4130 717 4196 relationes
750 4134 832 4196 inter
860 4153 908 4209 se,
939 4145 969 4196 et
997 4154 1080 4217 quae
1108 4145 1212 4196 essent
1240 4152 1351 4196 earum
1380 4153 1515 4199 conver-

343 4239 451 4302 siones
475 4252 532 4302 etc.
559 4239 650 4320 Quae
675 4241 880 4323 quaestiones
906 4253 941 4304 ut
966 4240 1048 4304 solvi
1075 4241 1211 4323 possint,
1238 4260 1305 4303 non
1333 4240 1512 4319 sufficiunt,

344 4356 379 4407 ut
402 4364 458 4427 per
481 4366 513 4409 se
537 4358 632 4428 patet,
656 4346 742 4411 solae
769 4347 960 4431 hypotheses
987 4347 1235 4431 metaphysicae‚
1262 4347 1316 4411 sed
1343 4351 1517 4432 requiritur

344 4454 440 4518 etiam
462 4455 594 4518 scientia
619 4454 784 4519 naturalis.
807 4456 854 4520 De
876 4456 936 4519 hac
956 4456 1047 4520 Plato
1067 4458 1131 4520 iam
1154 4458 1188 4519 in
1210 4480 1230 4516 «
1244 4457 1416 4521 Timaeo»
1437 4458 1513 4540 agit.
