3278 5542
726 603 926 686 ..69-

465 881 550 940 Idea
567 881 653 939 boni
670 886 728 939 eat
746 882 857 939 etiam
875 896 985 938 eausa
1006 863 1177 939 efficiens.

319 1033 456 1097 Videtur
487 1032 621 1115 quidem
654 1031 745 1097 Plato
777 1032 949 1096 attribuere
983 1032 1072 1096 ideae
1105 1032 1184 1095 boni
1218 1030 1409 1094 finalitatem

242 1140 483 1214 universorum,
517 1138 648 1214 scilicet,
678 1139 804 1202 bonum
834 1158 901 1202 esse
933 1158 1066 1202 causam
1095 1137 1228 1202 finalem
1255 1140 1409 1202 omnium

239 1265 358 1310 rerum.
375 1257 415 1291 ’-
429 1245 552 1328 Sponte
571 1247 694 1328 exurgit
713 1245 789 1309 inde
808 1247 965 1328 quaestio,
983 1258 1092 1309 utrum
1109 1244 1236 1308 bonum
1257 1245 1297 1308 sit
1311 1245 1408 1308 etiam

238 1353 393 1417 omnium
431 1372 538 1416 rerum
569 1372 666 1416 causa
697 1352 839 1416 efficiens
861 1352 906 1415 ¹?
934 1353 1066 1415 -lam
1097 1372 1173 1415 vero
1201 1352 1408 1434 participium

237 1481 256 1518 ιι
275 1471 391 1521 τεκοῦσα
409 1481 428 1520 »
451 1460 522 1522 sine
552 1458 654 1522 dubio
685 1458 836 1534 ostendit,
864 1458 1002 1534 bonum,
1027 1478 1083 1522 seu
1105 1457 1212 1521 ideam
1238 1457 1316 1522 boni
1341 1478 1410 1522 esse

237 1566 334 1630 etiam
345 1585 477 1629 causam
489 1564 682 1629 efficientem
694 1566 717 1641 ²,
729 1565 925 1648 quodetiam
942 1585 980 1629 ex
992 1564 1065 1628 aliis
1076 1565 1188 1628 multis
1200 1565 1406 1649 locispatet³.

240 1789 294 1846 De
310 1793 442 1846 natura
460 1789 562 1846 ideae
575 1788 659 1845 boni
677 1793 716 1846 et
728 1789 773 1845 de
787 1788 865 1846 eius
880 1788 1057 1846 relatione
1075 1789 1123 1845 ad
1141 1793 1282 1846 caterae
1296 1789 1407 1847 ideae.

316 1939 434 2002 Adhuc
451 1938 570 2002 clarius
588 1939 709 2021 patebit
727 1937 899 2002 causalitas
918 1938 1017 2002 huius
1036 1938 1126 2002 ideae
1144 1939 1235 2014 boni,
1254 1940 1279 2003 si
1301 1940 1409 2022 inqui-

237 2048 342 2110 rimus
366 2048 399 2109 in
424 2065 571 2129 quonam
595 2047 665 2109 eius
690 2058 803 2109 natura
828 2047 992 2109 consistat.

316 2153 493 2236 Comparat
517 2152 608 2216 Plato
633 2153 739 2217 ideam
766 2153 845 2216 boni
871 2173 947 2216 curn
973 2152 1049 2217 sole.
1073 2154 1225 2216 -Sicut
1250 2153 1307 2217 lux
1330 2153 1408 2217 solis

236 2273 283 2324 est
301 2279 410 2336 causa,
432 2272 468 2323 ut
488 2260 604 2324 oculus
624 2259 732 2323 videat
752 2272 782 2323 et
805 2272 841 2323 ut
862 2259 986 2323 obiecta
1006 2273 1191 2336 cernantur,
1207 2273 1318 2324 tamen
1341 2262 1408 2343 ipse

236 2366 284 2431 sol
301 2386 360 2430 nec
374 2380 421 2431 est
434 2366 550 2431 oculus
565 2387 623 2431 nec
638 2369 706 2450 ipse
719 2369 821 2444 visus,
838 2369 883 2431 sic
903 2381 933 2431 et
946 2367 987 2431 de
1006 2367 1077 2431 idea
1097 2369 1176 2431 boni
1195 2369 1406 2451 cogitandum

235 2489 292 2552 est,
313 2495 396 2559 quae
417 2477 583 2539 veritatem
614 2475 678 2539 illis
701 2496 784 2559 quae
813 2475 1038 2559 intelliguntur
1061 2477 1085 2552 ⁸,
1109 2496 1165 2540 seu
1192 2475 1407 2540 ceteris'ideis

234 2682 374 2744 διαλίγσσθοιι
391 2685 502 2747 ἑπιχιιγῄ
520 2684 575 2729 οἴνου
594 2691 673 2730 πασῶν
691 2687 737 2729 τῶν
753 2683 874 2737 aleonoram
893 2681 930 2729 dui
943 2687 985 2730 τοῦ
999 2682 1068 2744 λόγου
1089 2681 1183 2729 in'utir'o
1202 2681 1215 2727 ὅ
1236 2684 1297 2730 ἐστιν
1313 2683 1407 2728 ἕκαστον

234 2762 320 2822 ὁρμᾷν,
333 2763 370 2811 καὶ
382 2762 415 2820 μὴ
430 2764 532 2827 ἀποστῇ,
549 2762 606 2824 πρὶν
620 2762 648 2808 ἀν
660 2763 716 2807 αὐτὸ
732 2761 744 2806 ὅ
761 2762 822 2808 ι’στιν
841 2762 934 2822 ἀγαθὸν,
948 2762 1006 2828 αὐτῇ
1020 2770 1092 2815 νοήσιι
1110 2762 1179 2830 λάβῃ,
1194 2759 1292 2824 ισόιύτῷ
1305 2762 1407 2821 γίγνιτοιι

234 2848 265 2904 τῷ
281 2843 324 2888 τοῦ
338 2847 423 2894 νοητοῦ
438 2841 507 2888 τέλει.
525 2840 666 2904 (Respub.,
683 2839 740 2899 Vll,
758 2854 784 2905 p.
800 2839 846 2889 532
860 2840 903 2902 A.)

302 2935 324 2969 ι.
343 2920 511 2970 Wehrmann
535 2920 589 2969 Th.
615 2923 656 2980 (ι
682 2919 802 2970 Platonis
828 2919 861 2971 de
895 2935 1003 2971 summo
1032 2921 1105 2970 bono
1133 2919 1264 2970 doctrina.
1286 2937 1302 2969 ν
1327 2919 1407 2970 Bero-

234 2999 290 3060 lini,
310 3000 388 3064 1843),
404 3010 434 3050 ut
448 2999 514 3050 mihi
529 3000 645 3061 videtur,
661 3000 720 3050 vult
736 3015 833 3065 negare
848 3001 937 3051 ideam
953 3001 1017 3051 boni
1031 3015 1090 3051 esse
1105 3015 1214 3051 causam
1234 2999 1404 3050 efficientem.

234 3081 263 3130 P.
278 3093 310 3146 74
326 3094 332 3126 :
347 3079 375 3130 Si
396 3081 431 3130 ab
451 3080 503 3129 hoc
520 3082 588 3146 αἰτίῳ
603 3085 650 3141 (sc.
668 3079 792 3140 Phibebi)
808 3080 863 3130 vim
882 3080 1017 3131 efficiendi
1037 3091 1064 3131 et
1083 3079 1210 3131 movendi
1226 3079 1404 3145 sejungimus,

233 3159 375 3225 solamque
392 3174 499 3210 causam
515 3159 622 3210 finalem
638 3159 795 3218 retinemus,
809 3159 877 3209 nihil
892 3160 964 3210 aliud
982 3161 1113 3211 habemus
1129 3159 1180 3210 nisi
1196 3159 1284 3210 ideam
1301 3159 1374 3210 boni.
1390 3177 1406 3209 ν

234 3241 295 3304 Pag.
311 3255 341 3305 72
357 3254 363 3286 ι
379 3255 394 3287 ι
408 3240 451 3290 υι
464 3238 531 3289 nulli
549 3239 633 3300 ideae,
649 3239 688 3290 sic
702 3254 735 3290 ne
751 3239 827 3290 ideae
843 3240 906 3290 boni
926 3240 1038 3305 quidem
1053 3240 1108 3290 ulla
1128 3241 1198 3290 inest
1210 3239 1252 3290 vis
1266 3238 1404 3298 movendi,

232 3319 351 3380 creandi,
367 3319 414 3369 sed
436 3319 500 3384 quia
521 3333 647 3385 quaeque
665 3330 753 3370 ereata
772 3329 845 3380 sunt,
860 3319 1011 3370 secundum
1031 3335 1090 3371 eam
1110 3330 1174 3370 sunt
1192 3320 1261 3370 sacta
1280 3335 1329 3371 nec
1347 3319 1404 3370 uilo

231 3398 285 3448 alio
305 3398 389 3448 modo
408 3408 473 3449 sunt
489 3399 540 3449 nisi
560 3414 615 3464 quo
635 3400 800 3450 concordant
819 3414 881 3449 cum
901 3399 961 3465 ipso
984 3401 1067 3459 bono,
1082 3400 1205 3450 omnium
1229 3415 1319 3451 rerum
1341 3401 1402 3460 fine,

233 3478 300 3529 nihil
322 3489 422 3539 autem,
440 3479 491 3529 nisi
513 3479 588 3544 quod
611 3489 659 3539 est,
677 3489 766 3544 potest
784 3479 920 3544 cognosci,
937 3480 1086 3532 rectissime
1105 3481 1204 3531 dicitur
1219 3480 1279 3531 idea
1298 3480 1362 3531 boni
1377 3490 1404 3531 et

232 3560 314 3610 rebus
328 3558 467 3610 veritatem
487 3569 514 3610 et
533 3559 690 3610 hominibus
710 3558 864 3610 facultatem
879 3561 1060 3625 cognoscendi
1078 3561 1172 3612 afferre
1190 3570 1217 3612 et
1236 3562 1404 3625 praebere.»

231 3669 262 3678 -
274 3642 332 3692 Nos
342 3654 398 3689 non
408 3638 565 3704 quaerimus
580 3639 631 3689 nisi
647 3640 680 3690 de
695 3641 754 3699 hoc,
767 3655 832 3690 num
844 3640 920 3690 Piato
933 3655 1038 3705 ponens
1050 3641 1137 3691 ideam
1153 3640 1218 3691 boni
1231 3650 1262 3690 ut
1275 3640 1402 3690 ultimum

232 3723 324 3781 finem,
339 3719 472 3785 intelligat
485 3719 566 3771 enam
582 3734 640 3770 eam
656 3731 686 3771 ut
700 3735 808 3772 causam
824 3721 1054 3773 efficientemi—
1069 3722 1102 3773 de
1117 3721 1200 3771 modo
1216 3735 1288 3780 vero,
1305 3736 1361 3785 quo
1374 3721 1404 3771 fit

232 3801 283 3852 ista
297 3801 449 3860 efficientia,
467 3815 515 3851 nec
529 3801 606 3850 Plato
620 3800 744 3866 loquitur
758 3816 808 3852 nec
822 3816 872 3852 nos
888 3817 1059 3867 quaeremus.

293 3897 317 3932 a.
336 3881 395 3947 Ipse
415 3880 514 3931 Martin
534 3881 782 3942 Henri(«Etudes
804 3896 852 3931 sur
870 3881 894 3932 le
915 3882 1009 3932 Timeo
1031 3882 1064 3932 de
1081 3881 1185 3932 Platon.
1200 3881 1312 3940 »Paris
1329 3840 1401 3945 r841,

232 3973 250 4013 t.
270 3962 290 4026 I)
309 3963 363 4013 hoc
384 3976 438 4011 non
460 3971 547 4027 negat,
564 3977 590 4026 p.
610 3976 637 4026 ¹4
655 3961 770 4012 dicens.
786 3962 918 4013 «Mais‘'
902 3977 1008 4027 Javoue
1029 3977 1083 4028 que
1107 3963 1131 4012 le
1155 3961 1283 4027 participe
1306 3968 1404 4011 τεκοῦσα

232 4042 335 4094 semble
352 4041 486 4107 exprimet
503 4042 528 4091 la
544 4057 624 4092 cause
642 4040 782 4093 efficiente.
800 4060 816 4092 ν

297 4122 323 4173 3.
342 4122 432 4187 Resp,
449 4122 493 4181 Vl,
513 4121 560 4172 506
582 4123 602 4171 E
624 4137 665 4186 sq.
682 4132 709 4172 et
731 4122 777 4172 508
798 4124 826 4173 Β.
843 4122 890 4173 Sol
913 4134 1025 4174 vocatur
1049 4124 1113 4174 boni
1136 4123 1217 4172 filius.
1235 4123 1339 4185 (ἔκγονος
1361 4128 1402 4173 τοῦ

231 4204 338 4266 ἀγαθοῦ).
353 4230 384 4238 -
397 4203 441 4263 VI,
455 4203 501 4253 506
516 4204 546 4252 E.
561 4202 623 4253 Idea
638 4201 703 4252 boni
718 4210 795 4266 antip
809 4213 921 4254 vocatur
935 4219 961 4270 p.
977 4204 1023 4255 508
1038 4203 1069 4254 C.
1085 4206 1111 4252 δν
1126 4205 1173 4267 (ει.
1190 4203 1287 4267 solem)
1302 4206 1402 4264 τάγαθὸν

231 4285 347 4344 ἐγέννησεν
360 4284 473 4345 ἀνάλογον
486 4283 570 4346 ἑαυτῷ.

292 4375 317 4428 4.
335 4363 427 4428 Resp,
441 4362 484 4422 Vl,
498 4362 545 4413 508
560 4363 590 4414 E.
604 4366 680 4410 Τοῦτο
697 4363 775 4411 τοίνυν
792 4366 820 4412 τὸ
835 4365 876 4418 τὴν
895 4366 1002 4420 ἀλήθειαν
1021 4370 1130 4429 παρέχον
1148 4369 1198 4417 τοῖς
1216 4371 1403 4426 γιγνωσκομένοις

230 4443 270 4491 καὶ
283 4445 311 4491 τὸ
322 4449 467 4505 γιγνώσκοντι
480 4446 521 4499 τὴν
534 4442 629 4504 etrapit
641 4442 765 4492 ἀποδιδοὺν
777 4446 819 4498 τήν
832 4451 876 4493 τοῦ
889 4447 975 4507 ἀγαθοῦ
985 4445 1046 4493 ἰδέαν
1056 4448 1109 4508 φάθι
1120 4441 1188 4500 εἶναι,
1200 4444 1277 4492 αἰτίαν
1291 4444 1402 4496 δ’ἐπιστή-

231 4541 275 4584 μης
287 4521 356 4571 οὖσαν
369 4525 407 4572 καὶ
421 4525 529 4579 &infitias
543 4525 573 4578 ὡς
585 4529 764 4586 γιγνωσκομένης
777 4527 820 4586 μὲν
835 4525 936 4576 διανοοῦ.
