3278 5536
498 2243 599 2300 Duae
622 2241 842 2314 principales
865 2239 1094 2312 quaestiones
1119 2238 1300 2296 «Timaei.
1320 2256 1336 2291 ν

414 2450 451 2512 ln
473 2471 493 2507 «
511 2447 689 2510 Timaeo»
711 2445 867 2521 Platonis,
889 2457 925 2507 ut
948 2457 1030 2508 recte
1049 2444 1127 2508 dicit
1146 2443 1343 2508 Bassfreund
1360 2446 1380 2518 ¹,
1401 2444 1505 2525 agitur

334 2558 374 2621 de
393 2555 522 2620 duabus
541 2552 788 2636 quaestionibus
808 2550 1019 2615 essentialiter
1036 2551 1207 2614 distinctis.

416 2662 453 2724 ln
473 2662 579 2744 priore
598 2680 699 2743 eaque
719 2657 890 2742 principali
913 2670 1038 2741 parte«
1056 2658 1224 2720 Timaei»
1245 2678 1300 2722 seu
1324 2658 1358 2720 in
1381 2659 1508 2739 proprie

335 2770 419 2834 dicta
445 2768 668 2850 cosmogonia,
696 2765 787 2829 Plato
813 2767 945 2847 exponit
969 2764 1138 2848 quomodo
1168 2763 1348 2827 intellectus
1372 2763 1427 2845 (διὰ
1449 2767 1508 2847 νοῦ)

336 2874 594 2959 pulcherrimum
617 2872 766 2936 ordinem
793 2872 922 2948 mundi,
946 2872 1052 2955 qualis
1076 2890 1166 2934 nunc
1187 2883 1244 2946 est,
1267 2873 1396 2934 creavit.
1421 2871 1508 2935 Cum

338 2983 426 3047 Deus
451 2981 596 3046 Platonis
621 3000 688 3043 non
713 2981 754 3043 sit
777 2980 910 3044 Creator
932 2980 987 3043 sed
1014 2978 1120 3042 solum
1147 2979 1354 3062 Demiurgus,
1377 2978 1448 3041 ideo
1473 2998 1511 3042 ex

337 3089 447 3173 aliqua
486 3087 725 3172 praeexistenti,
763 3107 846 3170 quae
879 3109 899 3146 a
925 3085 1113 3149 visibilis»
1151 3099 1181 3149 et
1221 3086 1407 3149 inordinata
1446 3097 1513 3148 erat

340 3198 472 3261 materia
493 3197 517 3271 ²,
540 3194 721 3257 construxit
742 3192 918 3256 mundum.

422 3303 459 3365 In
479 3303 576 3366 altera
596 3301 786 3383 quaestione
806 3298 896 3363 Plato
915 3300 979 3382 agit
998 3299 1037 3362 de
1057 3311 1139 3362 statu
1159 3298 1317 3376 chaotico‚
1336 3311 1512 3383 antequam

342 3410 429 3473 Deus
445 3408 616 3490 incepisset
630 3405 769 3468 condere
790 3405 965 3469 mundum.
984 3405 1020 3467 ln
1038 3403 1094 3468 illo
1114 3417 1243 3468 aeterno
1263 3418 1347 3469 statu
1366 3406 1515 3470 chaotico

342 3526 408 3578 erat
431 3515 594 3596 generatio
614 3515 638 3574 tt
662 3511 781 3595 ἀνάγκης
805 3524 835 3575 et
859 3512 1113 3594 independenter
1135 3533 1154 3575 a
1179 3513 1356 3597 Demiurgo
1378 3516 1400 3577 ³.
1428 3513 1516 3578 Haec

342 3621 504 3704 generatio
519 3620 715 3684 consistebat
730 3621 764 3682 in
780 3639 829 3695 eo,
846 3631 882 3682 ut
898 3620 1041 3696 materia,
1058 3640 1141 3703 quae
1155 3632 1202 3683 est
1216 3639 1321 3683 unum
1337 3640 1517 3685 commune

411 3946 431 3981 1.
455 3931 478 3982 J.
494 3930 667 3989 Bassireund,
689 3946 704 3977 a
719 3930 808 3981 Ueber
831 3928 879 3978 das
900 3927 995 3978 zweite
1017 3929 1125 3995 Prinzip
1145 3931 1193 3981 des
1211 3928 1369 3981 Sinnlichen
1388 3930 1455 3980 oder
1474 3930 1519 3982 die

346 4009 458 4061 Materie
474 4007 516 4059 bei
530 4007 614 4059 Plato.
629 4026 645 4058 ν
659 4007 778 4067 Breslau,
798 4006 878 4069 18853
894 4021 919 4071 p.
937 4005 963 4066 8,
981 4007 1016 4068 13,
1034 4007 1069 4074 69
1084 4023 1105 4059 s.

409 4105 432 4140 2.
450 4087 589 4148 Timaeus,
604 4089 635 4139 30
648 4090 684 4139 A.

411 4169 437 4220 3.
455 4169 494 4219 De
515 4169 690 4233 cosmogonia
709 4167 746 4219 ita
767 4165 834 4216 dicit
855 4166 931 4217 Plato
952 4177 989 4232 ip.
1009 4181 1040 4234 47
1056 4170 1091 4231 Ε)
1110 4187 1116 4218 :
1133 4158 1269 4231 τὰμὲνοῦν
1284 4165 1521 4230 aspritudinem

347 4243 498 4314 εἰρημένων...
521 4237 680 4294 trititiam
703 4240 734 4294 τὰ
759 4235 801 4290 διὰ
822 4245 858 4290 νοῦ
883 4234 1111 4314 δεδημιουργημένα,
1141 4248 1238 4300 Statim
1267 4247 1362 4312 incipit
1385 4263 1520 4313 exponere

347 4329 549 4396 generationem
572 4329 598 4380 vi
620 4328 787 4380 necessitatis
812 4326 934 4392 iibidem)
953 4346 959 4378 ε
983 4316 1020 4374 δεῖ
1038 4319 1065 4375 δὲ
1078 4321 1119 4374 καὶ
1134 4322 1165 4373 τὰ
1182 4321 1207 4373 δί
1223 4323 1327 4393 ἀνάγκης
1339 4328 1465 4395 γιγνόμενα
1486 4329 1520 4394 τῷ

347 4407 409 4474 λόγῳ
423 4407 572 4472 παραθέσθαι.
589 4410 623 4460 Et
637 4409 749 4475 quidem
764 4417 911 4472 antequam
923 4407 1082 4476 demiurgus
1094 4408 1225 4474 inceperit
1238 4407 1364 4459 ordinare
1375 4409 1520 4471 mundum,

350 4500 380 4542 ut
395 4499 467 4561 patet
480 4503 513 4540 ex
526 4489 697 4558 483usque
710 4489 742 4541 53
760 4489 794 4539 A.
