3278 5536
766 2384 869 2399 m

522 2601 574 2658 De
592 2601 816 2674 philosophia
841 2603 1116 2661 antesooratloa.

274 2780 356 2844 lonii
377 2792 408 2844 et
429 2780 638 2864 Pythagoraei
660 2779 872 2864 explicandae
892 2782 1010 2866 origini
1034 2781 1150 2845 mundi
1174 2783 1400 2859 intendebant,

230 2887 352 2971 quibus
368 2889 401 2951 in
418 2887 534 2951 studiis
554 2907 622 2951 non
642 2900 818 2971 potuerunt
836 2888 996 2974 negligere
1020 2889 1213 2964 hominem;
1235 2889 1312 2953 inde
1332 2903 1401 2955 orta

230 3007 279 3059 est
299 2994 450 3059 Heracliti
470 2995 574 3087 ethica
593 3007 623 3059 et
646 2996 856 3080 Pythagorae.
873 2996 937 3061 Sed
959 2996 1129 3061 hominem
1150 2995 1314 3061 habebant
1332 3017 1404 3081 par·

230 3101 365 3166 ticulam
398 3101 498 3166 huius
532 3102 649 3167 mundi
681 3117 713 3168 et
743 3101 846 3187 legem
881 3102 1038 3169 moralem
1073 3117 1243 3188 tamquam
1278 3118 1401 3187 partem

232 3210 425 3274 harmoniae
441 3209 600 3294 generalis
617 3211 745 3275 ordinis
766 3225 910 3276 naturae.
935 3211 1047 3276 Ethica
1071 3230 1185 3276 eorum
1207 3212 1404 3276 consistebat

232 3317 269 3409 in
303 3316 477 3381 harmonia
511 3337 587 3381 cum
623 3315 763 3400 generali
799 3317 914 3382 ordine
949 3331 1083 3382 naturae
1112 3343 1119 3383 :
1153 3319 1210 3403 qui
1242 3319 1401 3402 originem

233 3423 351 3489 mundi
371 3424 587 3509 explicabant,
603 3437 695 3488 erant
713 3426 890 3507 sapientes;
910 3427 967 3507 qui
982 3425 1134 3509 gerebant
1152 3426 1253 3489 vitam
1274 3425 1404 3489 harmo-

234 3533 306 3596 nice
333 3552 411 3597 cum
446 3530 586 3616 generali
616 3531 732 3595 ordine
767 3543 912 3607 naturae,
948 3543 1039 3594 erant
1066 3532 1156 3596 boni.
1187 3531 1334 3595 Socrates
1368 3534 1402 3595 in

232 3638 450 3722 Xenophonte
474 3639 611 3722 objicit¹
637 3639 793 3721 antiquis,
820 3638 909 3721 quod
941 3657 1008 3702 non
1038 3639 1115 3702 satis
1144 3637 1404 3703 considerassent

234 3747 380 3812 humana
407 3745 595 3828 (ἀνθρώπινα).

318 3853 454 3937 Physica
488 3849 589 3916 allicit
624 3851 794 3916 hominem
830 3852 871 3916 ad
907 3852 1148 3936 investigandas
1181 3854 1335 3937 veritates,
1365 3852 1405 3917 de

235 3959 372 4036 mund0‚
395 3978 478 4043 quae
504 3972 615 4023 tamen
640 3958 709 4023 sola
734 3958 862 4023 homini
889 3961 1028 4023 minime
1053 3958 1171 4023 sufficit
1187 3961 1212 4035 ’,
1238 3960 1400 4042 siquidem

302 4208 323 4244 r.
341 4191 531 4260 Xenophontis
545 4190 764 4243 memorabilium
779 4190 900 4242 Socratis
915 4191 977 4243 libri
993 4191 1036 4241 lV.

298 4274 306 4324 l
322 4273 394 4337 libr,
409 4289 417 4324 t
432 4288 466 4335 c.,
482 4289 507 4324 v.
526 4288 562 4323 12.
577 4275 620 4321 rat
634 4281 729 4334 πρῶτον
741 4274 785 4333 μὲν
799 4273 875 4320 αὐτῶν
890 4277 979 4335 σκόπει,
993 4276 1083 4337 πότερά
1097 4289 1163 4332 ποτε,
1176 4275 1311 4335 νομίσαντες
1325 4276 1406 4330 ἱκανῶς

233 4353 450 4420 ἥδητῖνθρὸπινι
477 4353 569 4414 εἰδέναι,
594 4355 707 4418 ἔρχονται
732 4353 772 4401 ent
791 4355 820 4402 τὸ
840 4355 900 4420 περὶ
925 4361 971 4402 τῶν
991 4354 1103 4402 τοιούτων
1125 4357 1293 4421 emittenti
1312 4361 1343 4405 τὰ
1362 4355 1405 4416 μὶν

233 4438 367 4499 sapsam
381 4441 506 4499 παρέντες,
520 4437 551 4482 ul
563 4433 669 4495 &mista
681 4432 707 4480 di
721 4436 875 4499 σκοποῖητις,
891 4437 998 4495 hstium
1009 4439 1039 4481 τὰ
1053 4443 1200 4500 spasmum
1214 4439 1338 4499 πράττειν.

300 4529 324 4566 a.
346 4514 441 4575 Zeller,
459 4532 474 4560 ι
499 4513 569 4564 Phil.
594 4513 621 4564 d.
646 4512 790 4567 Griechen.
809 4530 825 4562 s
848 4514 883 4566 lll
908 4514 1009 4573 Theti,
1033 4512 1043 4562 l
1068 4513 1243 4582 hbtheilung.
1273 4515 1308 4565 lv
1335 4512 1407 4564 hull.
