3278 5536
630 1359 1010 1446 PHILEBUS

740 1610 899 1652 -sm-

604 1919 794 1994 Objaotum
814 1939 830 1974 n
848 1919 999 1978 Phssebl.
1020 1939 1035 1972 n

315 2099 405 2162 Plato
433 2099 613 2182 explicabat
642 2102 675 2162 in
704 2124 724 2161 «
747 2101 930 2164 Timaeo»
956 2099 1105 2163 ordinem
1135 2112 1165 2163 et
1194 2100 1292 2162 finem
1324 2100 1406 2163 sicut

239 2207 332 2269 totius
352 2207 495 2271 universi
517 2209 559 2271 ita
578 2209 675 2272 etiam
696 2221 725 2272 et
744 2206 987 2291 particularium
1009 2227 1126 2272 rerum.
1147 2207 1181 2270 ln
1201 2205 1405 2271 «Philebo»

239 2315 357 2396 quaerit
384 2314 595 2378 solummodo
623 2316 663 2379 de
696 2335 829 2379 summo
862 2316 950 2378 bono
985 2315 1141 2378 hominis.
1174 2314 1268 2378 Hanc
1295 2327 1402 2377 autem

238 2423 456 2504 quaestionem
485 2423 527 2486 ita
550 2436 673 2500 tractat,
703 2438 738 2487 ut
763 2444 875 2488 eorum
904 2424 1079 2488 sententias
1106 2424 1252 2505 respiciat
1277 2434 1308 2486 et
1333 2440 1405 2486 exa·

239 2530 347 2606 minet,
371 2532 427 2614 qui
449 2543 506 2594 aut
529 2530 596 2595 sola
617 2530 782 2616 voluptate
807 2544 863 2595 aut
889 2530 957 2595 sola
982 2532 1115 2595 scientia
1138 2529 1320 2594 felicitatem
1347 2549 1403 2592 seu

237 2658 403 2702 summum
431 2637 556 2702 bonum
580 2652 728 2703 constare
751 2653 957 2704 censuerunt.
984 2640 1074 2703 quta
1101 2638 1269 2703 Platonem
1293 2650 1402 2700 autem

236 2764 402 2808 summum
430 2744 556 2808 bonum
585 2744 731 2807 hominis
758 2764 816 2808 nec
843 2746 876 2807 in
904 2744 972 2807 sola
997 2743 1162 2826 voluptate
1189 2763 1247 2808 nec
1274 2746 1307 2806 in
1335 2743 1403 2809 sola

236 2853 365 2917 scientia
386 2852 529 2934 positum
552 2863 609 2926 est,
631 2851 685 2915 sed
707 2853 831 2934 optima
850 2852 916 2915 vita
937 2851 1075 2935 perfecta
1096 2871 1132 2914 ac
1154 2850 1321 2915 sufficiens
1345 2871 1402 2914 nec

235 2957 394 3041 voluptate
428 2979 486 3024 nec
520 2960 654 3023 scientia
686 2978 792 3024 carere
824 2958 919 3023 debet
945 2962 966 3022 ¹.
1000 2959 1115 3040 Qualis
1147 2972 1254 3023 autem
1289 2958 1402 3022 debeat

233 3088 299 3131 esse
315 3067 464 3150 voluptas
486 3080 516 3131 et
537 3068 670 3131 scientia
692 3080 722 3130 et
743 3067 911 3150 quomodo
933 3068 973 3130 sit
991 3087 1066 3130 cum
1089 3069 1205 3131 virtute
1224 3065 1399 3150 agendum,

234 3173 309 3237 haec
335 3174 426 3237 Plato
453 3175 486 3236 in
515 3173 613 3236 hocce
639 3173 768 3257 dialogo
791 3176 931 3257 quaerit,
958 3174 1012 3237 sed
1037 3194 1112 3237 cum
1140 3176 1197 3239 ista
1221 3174 1334 3237 omnia
1359 3172 1400 3235 ad

231 3280 368 3344 ethicam
389 3281 581 3363 pertineant,
598 3299 634 3343 ea
655 3299 722 3342 non
742 3283 948 3364 attingemus.

309 3388 542 3469 Quaestionem
565 3384 715 3451 debono
738 3387 884 3450 hominis
906 3388 948 3450 ita
970 3387 1061 3451 Plato
1082 3390 1190 3472 agitat,
1214 3404 1249 3452 ut
1272 3390 1397 3453 bonum

231 3497 372 3560 universi
404 3495 552 3578 respiciat
576 3495 615 3570 ¹;
649 3495 813 3558 mundum
848 3496 941 3577 quasi
975 3514 1132 3579 magnum
1167 3497 1337 3561 hominem
1371 3511 1401 3562 et

231 3602 398 3666 hominem
430 3603 524 3685 quasi
554 3620 691 3684 parvum
723 3601 887 3666 mundum
916 3602 1098 3667 considerat
1119 3605 1142 3667 ³.
1171 3605 1276 3667 Totus
1305 3624 1401 3668 mun-

229 3708 291 3773 dus
313 3722 361 3774 est
383 3708 569 3792 exemplum
595 3708 636 3773 ad
661 3711 755 3773 cuius
779 3708 1029 3774 similitudinem
1055 3712 1151 3774 etiam
1180 3712 1281 3774 homo
1307 3711 1401 3776 debet

229 3815 378 3882 ordinare
398 3838 491 3881 suam
512 3819 626 3894 vitam,
644 3831 679 3881 ut
698 3817 895 3894 felicitatem,
912 3817 1018 3902 qualis
1037 3832 1083 3883 est
1101 3818 1266 3901 possibilis
1285 3821 1318 3882 in
1340 3821 1400 3886 hac

229 3926 305 4002 vita,
329 3926 483 4010 attingat;
509 3924 549 3989 de
576 3925 701 3990 futurae
726 3927 810 3991 vitae
836 3925 924 3990 bono
951 3927 984 3988 in
1013 3927 1075 3991 hoc
1101 3927 1229 4011 dialogo
1260 3947 1326 3991 non
1354 3942 1401 3993 est

229 4052 345 4097 sermo.
372 4032 440 4096 Nos
462 4051 499 4096 ea
523 4029 735 4095 solummodo
758 4032 966 4114 attingemus,
993 4033 1049 4096 ubi
1077 4033 1168 4098 Plato
1193 4033 1337 4116 loquitur
1360 4036 1400 4100 de

294 4335 313 4369 ι.
331 4319 468 4378 Philebus,
485 4332 516 4368 ao
529 4319 552 4368 B
564 4346 593 4356 -
607 4334 636 4369 22
651 4320 683 4370 B.

289 4414 312 4448 2.
329 4399 407 4457 Phil..
427 4399 459 4463 64
479 4400 501 4448 A
574 4415 579 4448 :
601 4395 625 4444 ἐν
637 4394 774 4466 τ’ἁνθρὼπῳ
787 4398 828 4446 ati
842 4403 876 4467 τῷ
890 4396 961 4448 παντὶ
976 4398 1074 4465 πέφυκεν
1087 4396 1201 4469 ἀγαθόν...

290 4478 633 4546 ammon-nm
