3278 5542
732 597 931 661 ..85-

247 756 486 820 mathematicis
509 757 555 820 nil
578 759 669 840 peius
690 770 746 820 aut
768 757 885 821 melius
910 757 1037 820 dicitur.
1055 753 1129 818 Tali
1155 753 1305 816 modoet
1329 751 1418 815 ideae

245 861 403 939 Platonis,
433 866 510 946 quia
539 878 615 928 sunt
644 865 831 928 immobiles
855 877 926 928 eta
953 863 1085 926 materia
1113 860 1298 935 abstractae,
1329 859 1416 921 iuxta

244 969 430 1053 Stagiritam
454 991 558 1054 neque
580 972 706 1035 bonum
728 991 785 1054 per
805 971 942 1035 modum
964 970 1040 1033 finis
1059 970 1094 1030 in
1114 988 1147 1032 se
1167 967 1337 1031 continent
1357 985 1416 1031 nec

244 1076 421 1158 respiciunt
439 1096 570 1140 causam
591 1077 735 1142 finalem.

332 1183 407 1245 Non
438 1202 614 1265 possumus
644 1187 812 1267 praeterire
841 1183 970 1247 silentio
1002 1182 1090 1245 hunc
1118 1193 1255 1256 textum,
1286 1181 1320 1243 in
1349 1199 1415 1263 quo

242 1287 430 1352 Aristoteles
466 1290 552 1354 ideas
586 1310 653 1354 non
686 1293 840 1375 attingere
875 1310 1007 1355 causam
1044 1287 1193 1363 finalem,
1225 1287 1286 1351 hoc
1316 1287 1415 1350 modo

242 1395 346 1459 dicit¹
365 1421 372 1460 :
388 1419 408 1457 «
423 1400 489 1462 Nec
512 1397 602 1462 illam
623 1401 719 1463 etiam
742 1420 842 1483 quam
863 1399 1006 1462 scientiis
1025 1416 1092 1460 esse
1111 1416 1244 1460 causam
1263 1395 1415 1459 videmus

242 1515 371 1586 propter
385 1524 485 1587 quam
501 1507 612 1569 omnis
629 1505 808 1570 intellectus
826 1518 857 1569 et
876 1506 987 1568 omnis
1006 1516 1120 1566 natura
1141 1502 1216 1565 facit
1231 1503 1282 1584 (διὸ
1299 1501 1344 1563 καὶ
1363 1510 1414 1571 πᾶς

240 1623 300 1680 νοῦς
319 1613 365 1672 καὶ
384 1622 457 1674 πᾶσα
475 1619 550 1697 φύσις
568 1616 662 1696 ποιεῖ),
681 1634 739 1677 nec
760 1613 850 1676 illam
871 1632 1003 1676 causam
1023 1631 1123 1695 quam
1144 1630 1247 1673 unam
1268 1610 1308 1674 de
1327 1611 1415 1692 prin-

241 1718 336 1800 cipiis
350 1738 418 1782 esse
433 1718 585 1796 dicimus,
601 1723 688 1803 ipsae
703 1723 823 1803 species
837 1722 1010 1802 attingunt.
1023 1741 1042 1779 »
1055 1719 1141 1799 (οὐδὲν
1156 1716 1268 1779 ἅπτεται
1280 1715 1315 1779 τὰ
1329 1719 1413 1800 εἴδη.)

241 1824 415 1909 —Aliqui
444 1840 590 1891 auctores
614 1832 625 1864 ²
650 1827 725 1890 huic
753 1829 852 1890 textui
885 1827 990 1902 inniti
1014 1823 1177 1889 Aristoteli
1206 1824 1411 1906 exprobrant,
1467 1894 1470 1900 ¹

241 1932 330 2014 quod
363 1933 442 1996 dicit
470 1933 639 1997 Platonem
665 1955 733 1998 non
762 1936 908 2017 posuisse
936 1953 1068 1996 causam
1098 1930 1243 2007 finalem,
1276 1931 1331 1994 sed
1363 1931 1413 1993 isti

242 2059 310 2102 non
346 2040 518 2104 attendunt
551 2041 592 2104 ad
629 2042 768 2105 rationes
796 2061 878 2125 quas
905 2039 1090 2104 Aristoteles
1123 2038 1311 2101 immediate
1342 2049 1415 2120 post

243 2147 331 2211 hunc
350 2161 473 2212 textum
494 2151 586 2232 ponit
603 2153 625 2212 ³.
643 2150 735 2213 ldeae
755 2149 899 2212 Platonis
919 2162 1028 2232 utpote
1047 2149 1222 2212 abstractae
1242 2158 1272 2210 et
1295 2147 1414 2211 immo·
1497 2183 1499 2186 <

242 2253 333 2330 biles
365 2268 441 2317 sunt
469 2255 631 2320 Aristoteli
662 2257 703 2319 ad
739 2259 840 2320 instar
865 2258 990 2320 entium
1024 2255 1344 2329 mathematicorum,
1375 2273 1413 2318 ex

239 2361 360 2444 quibus
379 2361 455 2426 finis
474 2383 541 2426 non
562 2377 665 2446 potest
682 2365 822 2447 probari.

240 2510 303 2562 tiam
324 2527 468 2563 causarum
490 2514 622 2564 finalium.
639 2514 756 2580 —Quid
776 2525 867 2565 autem
888 2516 937 2565 hac
956 2514 984 2564 in
1002 2529 1030 2564 re
1052 2513 1203 2578 putandum
1224 2511 1266 2573 sit,
1289 2512 1413 2563 tractavit

240 2591 269 2640 R.
299 2591 370 2641 Ptol.
396 2592 424 2642 P.
451 2593 506 2643 Leo
533 2593 639 2644 Michel.
660 2596 691 2658 (e
715 2594 830 2660 Compte
855 2594 941 2644 rendu
966 2594 1003 2643 du
1023 2592 1173 2657 quatrieme
1197 2591 1310 2656 congres
1329 2591 1413 2641 scien-

238 2670 332 2736 tifique
357 2689 381 2732 »,
410 2673 454 2722 ΙΙΙ·
476 2673 594 2733 Section,
623 2675 747 2725 Sciences
763 2674 998 2739 philosophiques.
1024 2672 1157 2736 Fribourg
1180 2671 1306 2736 [Suisse],
1333 2671 1411 2736 1898.)

238 2751 323 2801 «Das
344 2752 449 2818 System
471 2753 609 2817 Spinoza's
629 2769 692 2804 vom
713 2755 889 2819 Standpunkt
907 2755 956 2804 der
975 2752 1106 2803 formalen
1126 2751 1221 2816 Logik.
1241 2770 1255 2798 »
1275 2779 1304 2788 -
1323 2767 1339 2800 e
1357 2752 1410 2802 Das

238 2830 343 2897 System
357 2831 495 2896 Spinoza’s
510 2834 567 2883 und
582 2834 627 2884 die
640 2833 863 2884 mathematische
878 2833 1007 2884 Methode
1021 2850 1045 2892 »,
1062 2848 1088 2897 p.
1104 2831 1216 2897 452-464.

303 2926 323 2960 ι.
339 2911 348 2960 Ι
364 2911 439 2972 Met,
455 2927 490 2971 rx,
508 2928 532 2977 p.
549 2913 603 2978 484,
621 2929 646 2963 v.
662 2913 742 2979 3o39.

299 3006 323 3040 a.
347 2991 527 3042 Doctissimus
552 2993 640 3043 Zeller
665 3008 719 3043 non
741 2993 933 3044 animadvertit
954 3007 1037 3058 quare
1056 2991 1215 3042 Aristoteles
1237 2990 1310 3041 dicat
1336 2990 1410 3042 ideas

238 3085 293 3120 non
313 3069 444 3136 attingere
461 3087 570 3123 causam
586 3073 703 3133 finalem,
718 3074 793 3138 quod
811 3083 884 3139 patet
898 3088 930 3124 ex
946 3073 1019 3124 hisce
1037 3075 1068 3136 l«
1083 3072 1152 3122 Phil.
1169 3072 1216 3122 der
1235 3070 1281 3120 Gr.
1299 3088 1325 3133 a,
1342 3071 1408 3132 11,1,

237 3167 261 3216 p.
283 3151 340 3217 469)
359 3151 449 3203 verbis
470 3166 476 3198 ε
496 3169 511 3201 e
579 3154 641 3204 dass
661 3169 690 3204 er
709 3154 810 3218 (Arist.)
831 3156 932 3205 ebenso
952 3164 1023 3205 trotz
1043 3154 1091 3203 der
1110 3153 1262 3202 bekannten
1283 3152 1339 3201 und
1355 3167 1408 3202 von

237 3231 292 3280 ihm
310 3232 397 3282 selbst
415 3231 589 3283 anderwaerts
609 3233 701 3285 oefters
717 3235 879 3285 erwaehnten
898 3235 1057 3298 Erklaerung
1071 3233 1119 3283 des
1136 3231 1254 3291 Phaedo,
1271 3240 1341 3281 trotz
1361 3231 1410 3282 der

238 3311 323 3362 Lehre
338 3312 387 3362 der
402 3312 538 3377 Republik
553 3314 621 3363 tiber
635 3314 684 3364 das
699 3314 780 3373 Gute,
795 3314 912 3365 welches
927 3313 952 3378 ja
967 3314 1037 3364 doch
1053 3313 1142 3363 nichts
1161 3312 1284 3369 anderes,
1302 3311 1342 3361 als
1360 3312 1409 3361 der

236 3391 361 3441 absolute
380 3391 547 3442 Weltzweck
567 3393 614 3452 ist,
633 3394 791 3458 behauptet,
808 3393 852 3445 die
875 3394 1049 3444 Endursache
1069 3392 1160 3444 werde
1179 3407 1232 3442 von
1251 3392 1304 3441 den
1326 3392 1407 3441 ldeen

236 3469 310 3521 nicht
332 3471 452 3521 bertlhrt.
470 3489 486 3519 »
501 3500 530 3509 -
550 3473 706 3524 Praedictus
728 3485 822 3525 auctor
840 3474 904 3525 citat
922 3490 937 3524 a
957 3473 1036 3524 nobis
1055 3473 1167 3524 allatum
1187 3482 1301 3532 textum,
1319 3485 1407 3535 neque

234 3550 346 3600 adducit
364 3565 482 3610 causam,
504 3566 587 3616 quare
607 3552 643 3603 ita
662 3552 822 3604 Aristoteles
841 3553 921 3604 dicat.
943 3582 972 3591 —
990 3552 1147 3603 Notandum
1165 3561 1214 3612 est,
1233 3550 1406 3601 Aristotelem

235 3645 288 3680 non
304 3631 464 3696 simpliciter
478 3647 598 3683 asserere
612 3650 627 3681 e
644 3635 798 3700 behaupten
813 3652 836 3695 »‚
851 3635 926 3699 quod
940 3633 1028 3684 Zeller
1043 3643 1128 3698 putat,
1140 3633 1187 3683 sed
1203 3633 1316 3697 probare
1331 3646 1408 3697 argu·

235 3721 344 3763 mentis.

296 3792 333 3843 Ut
359 3791 386 3841 in
412 3792 508 3842 ethicis
534 3793 610 3844 libris
636 3805 677 3845 sat
703 3794 832 3855 vidimus,
859 3794 1018 3846 Aristoteles
1044 3795 1194 3845 testabatur
1223 3792 1311 3842 ideam
1340 3792 1405 3842 boni

234 3887 314 3922 sensu
337 3871 458 3922 Platonis
478 3887 536 3923 esse
556 3889 664 3924 causam
685 3875 801 3935 finalem,
819 3891 844 3940 p.
864 3874 898 3941 78
919 3891 951 3935 s.‚
970 3874 1040 3926 80s.
1059 3875 1137 3924 -ln
1157 3872 1285 3939 operibus
1304 3873 1406 3923 Aristo-

233 3953 293 4003 telis
319 3962 384 4002 sunt
405 3952 438 4002 ad
464 3952 554 4003 minus
577 3954 632 4004 duo
652 3969 750 4020 genera
771 3965 895 4006 textuum
919 3955 1124 4016 distinguenda,
1145 3953 1235 4018 quoad
1260 3952 1404 4016 opiniones

232 4048 346 4084 suorum
369 4033 606 4097 praedecessorum
623 4054 629 4085 ε
649 4040 669 4094 ι)
687 4036 735 4086 ubi
750 4035 908 4087 Aristoteles
929 4035 1087 4100 simpliciter
1101 4034 1182 4084 tradit
1201 4033 1317 4084 aliorum
1333 4033 1404 4084 dicta

232 4112 269 4162 nil
285 4113 319 4163 de
340 4112 379 4162 eis
394 4112 495 4171 dicens,
512 4123 603 4163 utrum
625 4126 695 4166 recta
717 4115 772 4166 sint
791 4131 874 4166 necne
886 4116 898 4167 ?
912 4117 936 4180 2)
959 4125 1047 4166 textus
1061 4114 1109 4165 ubi
1126 4113 1284 4164 Aristoteles
1299 4113 1332 4163 de
1347 4114 1403 4163 suis

231 4193 487 4259 praedecessoribus
502 4194 616 4258 quaerit,
634 4205 726 4245 utrum
739 4206 809 4247 recte
825 4197 879 4247 sint
895 4196 999 4261 opinati
1016 4194 1123 4246 necne?

293 4273 383 4325 Simili
404 4275 486 4324 modo
505 4289 535 4324 ac
551 4274 639 4325 Zeller
653 4287 680 4326 et
697 4277 725 4327 P.
740 4278 818 4328 Janet
837 4277 924 4328 utitur
938 4277 990 4327 hoc
1007 4286 1081 4326 textu
1097 4274 1124 4324 in
1141 4289 1191 4324 suo
1206 4287 1287 4338 opere
1301 4291 1307 4323 z
1322 4289 1338 4322 s
1352 4274 1402 4323 Les

230 4368 324 4405 causes
339 4353 443 4404 finales.
458 4371 474 4403 a
489 4354 612 4414 <Dissert
629 4356 723 4407 Platon
739 4367 766 4407 et
779 4372 874 4408 causes
889 4358 992 4416 finales,
1009 4372 1034 4422 p.
1050 4355 1116 4420 730.)

294 4434 321 4485 3.
341 4435 373 4483 V.
396 4435 454 4498 39:
473 4427 536 4478 ἀλλὰ
553 4431 631 4498 γέγονε
653 4429 685 4480 τὰ
703 4431 832 4500 μαθήματα.
849 4433 898 4489 τοῖς
913 4436 949 4481 νῦν
969 4433 984 4485 ἡ
1003 4428 1138 4499 φιλοσοφία,
1159 4429 1246 4492 φάσκον
1264 4434 1309 4478 τῶν
1327 4427 1403 4478 ἄλλων

229 4508 297 4577 χάριν
311 4507 375 4560 αὐτὰ
389 4503 438 4558 δεῖν
451 4511 668 4578 πραγματεύεσθαι.
