3278 5542
716 593 916 677 ,43-

229 755 389 837 cuiusque
411 752 516 817 forma
539 754 756 831 substantiali,
774 758 875 819 nescit
895 768 925 819 et
943 769 980 819 ut
1002 757 1104 820 homo
1122 757 1281 840 practicus
1303 758 1404 821 sumit

231 861 402 926 utilitatem
423 874 453 925 et
476 863 697 926 necessitatem
718 862 826 945 quoad
851 863 1014 940 homines,
1033 865 1121 926 iuxta
1144 883 1225 947 quas
1248 875 1279 927 et
1298 865 1405 927 consi·

231 969 322 1034 derat
345 990 451 1036 rerum
476 970 638 1035 ordinem.
662 971 746 1054 Ergo
768 991 836 1035 non
858 973 1024 1055 cognoscit
1050 972 1113 1035 nisi
1141 971 1222 1035 fines
1243 983 1401 1038 externos.

426 1219 538 1276 Gutus
562 1223 719 1279 naturae
740 1220 790 1279 alt
809 1222 997 1295 teleologia
1022 1221 1215 1280 Socratis?

311 1399 408 1463 Nunc
429 1400 576 1481 quaestio
602 1400 683 1483 quid
707 1399 891 1482 putandum
914 1400 955 1465 de
979 1400 1039 1464 hac
1059 1400 1227 1484 teleologia
1252 1399 1402 1475 Socratis,

232 1518 343 1571 utrum
359 1507 522 1571 sumenda
537 1508 578 1570 sit
592 1520 628 1571 ut
642 1509 774 1591 physica
789 1528 832 1571 an
848 1520 884 1571 ut
897 1528 971 1590 pars
985 1508 1135 1572 ethicae?
1156 1509 1192 1571 ln
1213 1508 1274 1572 hac
1293 1527 1406 1591 quaes·

230 1616 319 1679 tione
341 1614 426 1679 dabo
451 1614 648 1679 solutionem
674 1618 762 1679 iuxta
786 1614 1003 1692 Aristotelem,
1023 1617 1118 1680 cuius
1141 1617 1254 1699 opinio
1279 1616 1407 1680 videtur

231 1742 407 1806 congruere
425 1742 502 1786 curn
524 1724 681 1786 sententia
698 1722 936 1807 Xenophontis.
951 1723 1147 1799 Aristoteles,
1164 1725 1220 1807 qui
1236 1737 1302 1787 tam
1320 1723 1407 1787 solli·

231 1830 293 1892 cite
307 1827 405 1892 tradit
419 1829 592 1910 opiniones
607 1830 819 1912 antiquorum
835 1841 866 1891 et
884 1829 1054 1911 praecipue
1068 1849 1194 1906 eorum,
1210 1831 1266 1911 qui
1281 1828 1406 1913 aliquid

233 1937 310 1998 novi
327 1936 486 2011 dixerant,
503 1934 551 1997 nil
567 1935 645 1998 dicit
659 1935 698 1998 de
713 1934 881 2019 teleologia
896 1935 1047 2013 Socratis,
1064 1956 1146 2019 quae
1161 1937 1300 2000 omnino
1321 1952 1406 2000 nova

233 2054 280 2105 est
295 2044 329 2105 in
344 2043 479 2124 antiqua
493 2040 712 2125 philosophia,
730 2043 835 2105 immo
854 2043 966 2105 asserit
987 2042 1151 2106 Socratem
1171 2041 1323 2125 physicae
1338 2062 1405 2107 non

234 2149 420 2214 studuisse¹
441 2167 448 2208 :
468 2150 631 2232 Σωκράτους
651 2151 679 2210 δὲ
698 2149 757 2233 περΙ
782 2151 830 2230 μὲν
850 2147 885 2211 τά
907 2146 988 2229 ἠθικά
1013 2156 1277 2234 πραγματευομένου,
1297 2149 1355 2233 περΙ
1379 2151 1407 2211 δὲ

233 2267 284 2336 τῆς
302 2259 368 2336 ὅλης
380 2261 483 2341 φύσεως
497 2255 582 2318 οὐδέν.
598 2255 702 2318 -Ad
719 2255 837 2319 melius
852 2255 1097 2339 intelligendam
1114 2255 1199 2319 hanc
1213 2257 1405 2320 sententiam

234 2362 343 2447 aliqua
371 2374 447 2426 sunt
470 2362 716 2444 praemittenda.
747 2361 932 2427 Aristoteles
955 2363 1138 2426 considerat
1163 2365 1331 2426 scientiam
1357 2364 1405 2427 sui

235 2473 337 2554 ipsius
358 2472 458 2554 gratia
481 2471 505 2547 ²,
530 2470 676 2534 Socrates
701 2471 802 2533 sumit
825 2471 1017 2553 sapientiam
1040 2472 1051 2506 ³
1075 2470 1115 2534 ad
1137 2470 1219 2535 bene
1242 2470 1405 2554 agendum

234 2578 447 2644 solummodo
472 2591 503 2642 et
522 2579 609 2641 iuxta
629 2597 704 2640 eum
725 2577 836 2640 omnis
858 2578 991 2640 scientia
1015 2590 1063 2640 est
1083 2579 1195 2641 virtus.
1215 2577 1305 2640 quta
1320 2577 1408 2640 Aris-

234 2687 364 2752 totelem
385 2685 518 2768 physica
533 2702 601 2747 non
617 2695 664 2746 est
672 2685 815 2766 practica
831 2683 963 2746 scientia
983 2682 1038 2746 sed
1053 2683 1225 2747 theoretica
1238 2687 1259 2747 ⁸.

315 2793 460 2858 Socrates
480 2791 602 2855 ethicae
619 2802 724 2855 totum
741 2810 774 2853 se
788 2789 918 2853 dederat
935 2790 1225 2875 considerabatque
1242 2791 1405 2855 mundum

237 2901 370 2966 nonnisi
401 2899 496 2963 relate
525 2898 566 2962 ad
595 2897 745 2962 ethicam.
775 2897 888 2962 Ethica
916 2916 1060 2981 namque
1093 2899 1163 2962 sine
1190 2899 1408 2982 metaphysica

234 3029 292 3072 ceu
329 3006 545 3071 fundamento
569 3004 782 3087 impossibilis
805 3004 962 3080 est‚'ideo
990 3025 1028 3068 ex
1056 3005 1171 3068 ordine
1198 3017 1228 3068 et
1253 3004 1408 3069 finalitate

236 3134 343 3180 rerum
381 3114 497 3197 probat
536 3112 738 3176 existentiam
776 3111 846 3186 Dei,
882 3111 1116 3195 probandoque
1152 3111 1237 3174 hanc
1271 3113 1409 3177 existen·

235 3225 327 3299 tiam,
344 3234 380 3285 ut
400 3220 586 3304 Xenophon
609 3231 742 3284 testatur
756 3219 780 3296 ⁶,
804 3217 875 3282 vult
894 3238 1029 3282 suorum
1050 3218 1285 3302 discipulorum
1303 3237 1408 3282 mores

236 3332 402 3414 corrigere.
437 3329 613 3394 Scientiam
646 3327 792 3392 Socrates
824 3327 934 3410 magni
966 3326 1062 3390 habet
1094 3339 1255 3410 quatenus
1284 3325 1409 3390 confert

300 3578 321 3613 r.
339 3563 348 3613 l
366 3563 440 3622 Met,
457 3577 480 3613 c.
496 3577 530 3623 νι,
549 3576 575 3627 p.
592 3575 648 3626 477,
662 3576 687 3612 v.
704 3562 742 3613 32.

299 3659 324 3694 2.
344 3643 353 3693 Ι
376 3643 450 3703 Met,
470 3656 494 3704 c.
510 3658 539 3702 lt,
563 3658 589 3708 p.
610 3656 674 3708 470,
690 3657 715 3694 v.
739 3658 752 3692 2
773 3658 809 3694 ss.
825 3646 865 3692 Καὶ
882 3649 927 3692 τῶν
946 3647 1077 3706 άπιοτημῶν
1094 3642 1174 3697 δετὴν
1192 3639 1263 3697 αὐτῆς
1278 3642 1354 3688 Ινικιν
1371 3639 1409 3689 καὶ

234 3728 276 3773 τοῦ
294 3723 380 3773 εἰδέναι
395 3726 465 3787 χάριν
481 3723 575 3786 alpach)
590 3720 659 3770 οὖσαν
673 3723 760 3780 μᾶλλον
776 3721 834 3772 εἶναι
849 3725 928 3788 coplas
943 3725 1009 3780 ἦτὴν
1022 3731 1068 3771 τῶν
1082 3725 1258 3785 ἀποβαινόντων
1271 3721 1356 3777 άνικιν,
1370 3716 1409 3766 καΙ

234 3807 276 3859 τὴν
289 3808 453 3868 ἀρχικωτέραν
464 3810 505 3858 τῆς
520 3803 680 3868 ὑπηρετούσης
696 3805 783 3863 μᾶλλον
797 3801 854 3852 ιΙναι
869 3806 957 3868 ονρΙοιν.

297 3884 320 3935 3.
338 3885 417 3943 Xen.‚
440 3883 488 3934 lib.
510 3883 553 3943 ΙΙΙ,
574 3897 596 3933 c.
618 3898 653 3942 rx,
670 3897 695 3934 v.
715 3897 740 3948 4,
764 3883 788 3934 5.
812 3883 880 3949 ’Ἔφη
899 3885 923 3932 δὲ
942 3886 981 3933 καὶ
998 3884 1040 3938 τὴν
1058 3881 1199 3937 δικαιοσύνην
1219 3882 1260 3932 καὶ
1277 3882 1319 3936 τὴν
1339 3879 1409 3935 ἀλλην

235 3971 311 4015 πᾶσαν
324 3966 410 4028 άριτὴν
423 3965 504 4029 capla-r
520 3962 586 4013 εἶναι.
1345 3954 1347 3958 ”

296 4043 455 4096 Aristoteles
474 4044 508 4094 de
528 4045 636 4095 Socrate
657 4043 729 4095 idem
749 4053 832 4106 tenet,
846 4045 881 4095 Vl
903 4044 996 4095 Ethica
1015 4043 1083 4103 Nic,
1104 4057 1127 4093 c.
1147 4056 1205 4102 xttt,
1222 4055 1248 4106 p.
1263 4039 1303 4106 75,
1319 4054 1344 4091 ν.
1364 4055 1408 4106 ι7.

233 4130 383 4191 Σωκράτης...
397 4131 515 4191 ρρυνηυιις
532 4127 590 4190 ᾤετο
605 4122 665 4174 εἶναι
684 4129 759 4181 πάσας
776 4130 819 4180 τάς
834 4129 953 4190 άριτάς...
968 4140 993 4176 v.
1011 4124 1052 4176 38.
1072 4127 1193 4189 Σωκράτης
1204 4124 1253 4185 μιν
1270 4119 1311 4170 οὖν
1328 4120 1409 4184 λόγους

234 4211 275 4260 τάς
289 4209 376 4270 aparte
390 4209 448 4271 ᾥιτο
463 4202 523 4252 εἶναι
538 4205 675 4268 (tutaremus
688 4207 732 4269 γάρ
748 4203 807 4254 cluat
821 4206 938 4268 πάσας...)

296 4299 326 4350 4.
343 4285 367 4334 X
382 4285 455 4344 Met„
470 4298 493 4334 c.
506 4299 553 4343 vn,
570 4298 596 4349 p.
610 4283 671 4349 592,
688 4300 713 4334 v.
729 4284 768 4335 26.
787 4284 852 4332 ‘'oet
864 4287 906 4347 μὲν
920 4286 1000 4334 τοΙνυν
1014 4285 1069 4332 οὔτι
1082 4284 1212 4348 armantia
1224 4282 1279 4331 οὔτι
1290 4283 1410 4337 normani-2

235 4367 294 4413 ἀλλὰ
307 4366 444 4430 θεωρητικὴν
463 4369 586 4428 &veracior
599 4363 658 4414 εἶναι
672 4367 713 4421 την
727 4367 820 4431 pantasia
835 4368 969 4425 ἐπιστήμην.
989 4363 1120 4415 Similiter
1138 4363 1161 4413 V
1181 4363 1261 4422 Met..
1270 4376 1290 4420 1,
1306 4377 1334 4427 p.
1353 4361 1408 4426 534,

236 4461 261 4495 V·
279 4445 318 4496 25.
541 4462 544 4470 ¹
673 4485 676 4488 .
979 4464 982 4487 z
1000 4442 1004 4447 ⁵
1102 4482 1106 4486 ,
1136 4466 1139 4473 ·
1401 4468 1404 4479 .

297 4527 321 4578 5.
339 4527 418 4588 Xen.,
435 4527 454 4586 l,
469 4539 493 4576 c.
508 4539 544 4586 ιν,
559 4539 584 4574 ν.
603 4539 623 4584 ι,
642 4538 678 4590 ¹9·
