3278 5536
756 1301 925 1374 CAPUT
958 1299 1008 1369 iV

829 1553 934 1569 ΑΛΛΝΙΝΝ

389 1773 620 1864 comparatio
643 1789 742 1848 inter
767 1789 991 1848 «Philebum
1008 1807 1025 1842 a
1050 1792 1089 1846 et
1112 1807 1129 1842 a
1147 1786 1343 1845 mmaeum.
1362 1806 1379 1841 a

380 1969 427 2031 De
450 1966 566 2031 ordine
593 1954 713 2030 mundi
737 1965 827 2030 Plato
854 1968 888 2029 in
910 1964 1114 2030 «Philebo»
1135 1966 1169 2029 in
1192 1976 1321 2029 tantum
1346 1966 1411 2048 agit
1434 1967 1469 2028 in

297 2086 460 2156 quantum
494 2075 526 2138 id
554 2076 772 2138 necessarium
801 2094 869 2138 esse
897 2076 924 2138 ei
953 2075 1081 2138 videtur
1107 2072 1148 2138 ad
1182 2073 1468 2138 determinandum

298 2181 426 2245 bonum
450 2180 608 2256 hominis,
630 2181 685 2262 qui
712 2200 831 2263 parvus
856 2182 1002 2244 mundus
1026 2193 1081 2244 est.
1106 2181 1217 2244 Nimia
1243 2180 1383 2244 brevitas
1405 2200 1470 2265 qua

298 2289 405 2351 varias
439 2289 644 2370 quaestiones
672 2286 824 2370 explicat,
841 2286 950 2371 'saepe
979 2286 1204 2351 difficultatem
1235 2298 1321 2351 creat
1352 2286 1392 2351 ad
1423 2289 1473 2350 in-

298 2394 512 2479 telligendum
547 2395 635 2458 hunc
669 2397 811 2458 maxime
845 2395 992 2459 technice
1020 2406 1242 2459 constructum
1271 2407 1302 2458 et
1329 2394 1475 2478 logicum'

300 2502 478 2587 dialogum.

383 2609 532 2674 Mundus
565 2629 737 2692 corporeus
771 2610 858 2672 iuxta
889 2631 908 2668 «
938 2607 1110 2672 Philebum
1139 2631 1159 2669 »
1188 2607 1284 2673 habet
1314 2627 1411 2692 supra
1440 2628 1474 2673 se

301 2716 405 2782 alium
434 2717 599 2780 mundum
628 2717 854 2798 incorporeum
877 2718 900 2791 ¹,
923 2716 979 2799 qui
1010 2714 1094 2779 nihil
1123 2714 1213 2779 aliud
1242 2727 1299 2791 est,
1325 2728 1361 2779 ut
1390 2714 1472 2780 mihi

300 2824 440 2899 videtur,
463 2824 526 2885 nisi
548 2823 618 2886 idea
639 2822 766 2886 mundi.

383 2929 417 2993 Si
447 2931 606 3013 principia
636 2930 753 2993 mundi
786 2942 882 3013 prout
910 2932 944 2993 in
972 2928 1199 2994 «Philebo»
1227 2942 1304 2994 sunt
1331 2933 1474 3016 exposita

302 3049 533 3119 comparentur
553 3057 629 3100 cum
654 3037 776 3101 eisdem
795 3037 1003 3112 «Timaei»,
1027 3056 1165 3120 sequens
1183 3035 1354 3119 parallelos
1368 3051 1475 3104 esset:

305 3145 502 3226 Demiurgus
538 3166 558 3203 «
587 3143 712 3207 Philebi
740 3166 760 3204 »
796 3164 851 3207 seu
888 3145 961 3206 αἰτία
998 3156 1045 3208 est
1083 3143 1170 3207 idem
1205 3164 1243 3208 ac
1279 3145 1475 3230 Demiurgus

303 3274 323 3310 «
341 3251 523 3313 Timaei.»
548 3249 621 3313 ldea
649 3249 766 3312 mundi
794 3249 930 3314 habetur
955 3252 989 3312 in
1017 3263 1155 3333 utroque
1179 3249 1318 3334 dialogo.
1346 3254 1476 3337 Ἄπειρον

303 3379 323 3417 «
339 3355 464 3420 Philebi
479 3369 564 3443 »pest
586 3355 672 3419 idem
694 3376 772 3419 ac«
786 3357 950 3421 Timaei»
972 3356 1169 3420 substratum
1195 3356 1333 3421 visibile.
1357 3358 1477 3422 Pariter

305 3465 393 3528 iuxta
417 3476 591 3546 utrumque
613 3461 779 3546 dialogum
803 3475 880 3527 sunt
903 3465 990 3527 entia
1013 3464 1242 3527 mathematica
1264 3464 1366 3544 (iuxta
1390 3464 1473 3528 Phil.

303 3572 431 3655 πέρατα),
451 3591 534 3655 quae
557 3571 701 3634 limitant
726 3573 894 3634 materiam
919 3584 949 3635 et
973 3591 1113 3654 quorum
1139 3573 1232 3655 quasi
1258 3584 1405 3636 centrum
1431 3588 1478 3637 est

370 3819 390 3854 1.
413 3801 491 3861 Phil,
515 3799 547 3866 64
574 3801 605 3852 Β.
634 3801 700 3852 Socr
722 3815 729 3853 :
748 3793 799 3865 ipsi
821 3796 862 3866 μὲν
883 3794 930 3867 γὰρ
951 3795 1076 3869 καθαπιριὶ
1094 3797 1181 3868 κόσμος
1199 3817 1236 3857 τις
1257 3796 1385 3868 ἀσώματος
1404 3797 1479 3868 ἄρξων

303 3883 381 3936 καλῶς
401 3873 504 3946 ἐμψύχου
522 3879 632 3945 σώματος
649 3876 661 3927 ὅ
679 3881 716 3926 νῦν
733 3877 803 3947 λόγος
822 3875 977 3949 ἀπειργάσθαι
997 3876 1113 3943 φαίνεται.
1136 3883 1298 3935 Protarchus
1312 3885 1476 3950 respondet:

304 3981 320 4014 e
334 3962 402 4014 Mihi
422 3975 542 4028 quoque,
564 3975 582 4012 o
604 3961 737 4022 Socrates,
760 3962 832 4013 idem
854 3963 939 4014 videri
962 3963 1038 4015 scito.
1062 3979 1077 4012 »
1098 3991 1128 4001 -
1153 3963 1272 4015 Ulterius
1296 3965 1419 4015 Socrates
1441 3965 1478 4016 ita

305 4044 428 4112 loquitur
446 4061 453 4093 ε
474 4058 490 4091 e
510 4042 608 4092 Nonne
627 4040 650 4092 si
668 4041 734 4092 boni
752 4033 886 4108 (τ’ἀγαθοῦ)
907 4043 994 4110 ipsius
1009 4058 1082 4095 nunc
1100 4042 1154 4108 jam
1171 4043 1308 4095 vestibulo
1324 4054 1353 4095 et
1367 4044 1477 4096 aedium

305 4125 367 4177 talis
387 4138 437 4175 nos
452 4123 558 4174 adstare
572 4121 695 4173 dicamus
705 4122 718 4172 i
729 4138 745 4171 »
759 4151 789 4160 -
803 4123 841 4173 Er
861 4123 911 4175 hac
929 4123 1025 4174 ultima
1043 4123 1218 4190 expressione
1232 4123 1338 4175 videtur
1357 4126 1477 4177 mundus

306 4207 483 4271 incorporeus
500 4217 555 4254 non
576 4216 635 4253 esse
653 4216 791 4253 summum
811 4204 914 4255 bonum
936 4204 983 4255 sed
1003 4207 1081 4269 quasi
1096 4203 1139 4254 via
1160 4205 1193 4255 ad
1214 4219 1353 4255 summum
1374 4206 1477 4257 bonnm

306 4286 510 4346 inveniendum,
531 4298 592 4335 nam
613 4278 700 4346 κόσμος
708 4276 833 4345 ἀσώματος
847 4299 895 4335 seu
909 4280 987 4333 νοητὸν
994 4278 1050 4350 ζῷον
1064 4284 1138 4335 iuxta
1147 4285 1342 4336 «Timaeum»
1356 4286 1479 4337 continet

307 4367 431 4420 omnium
444 4380 535 4417 rerum
542 4364 627 4424 ideas,
638 4378 670 4414 ex
680 4377 795 4430 quarum
804 4363 1022 4415 consideratione
1033 4363 1109 4416 Plato
1119 4363 1345 4430 inehepublica»
1356 4365 1480 4431 pervenit

307 4449 341 4502 ad
358 4462 517 4515 supremum
533 4448 636 4497 bonum
652 4436 783 4510 (τ’ἆγαθόν)
798 4458 846 4496 seu
861 4445 948 4496 ideam
966 4444 1039 4496 boni.
