3278 5536
735 685 935 765 ..98-

249 839 357 903 ditatis
380 842 479 923 gratia
505 841 648 904 fabricat.
677 842 882 905 Providentia
909 843 1021 905 divina
1049 842 1223 905 formando
1250 843 1420 909 hominem

228 945 348 1009 'finem
375 947 480 1023 habet,
508 961 542 1010 ut
569 948 669 1011 homo
695 949 735 1012 sit
758 951 946 1031 aptissimus
970 949 1238 1032 contemplationi
1265 964 1295 1013 et
1321 965 1356 1014 ut
1382 955 1422 1016 sit

247 1051 372 1115 animal
390 1055 421 1114 τὸ
439 1060 641 1136 θεοσεβέστατον
657 1055 704 1137 (41
724 1056 773 1138 E).
791 1056 918 1138 Corpus
938 1056 1123 1119 humanum
1144 1068 1191 1118 est
1210 1056 1421 1122 solummodo

248 1161 503 1223 instrumentum
526 1163 667 1225 animae.

327 1268 401 1329 Duo
429 1268 540 1330 circuli
569 1271 699 1332 animae
728 1269 953 1332 intellectualis
982 1283 1058 1332 sunt
1087 1272 1120 1332 in
1150 1273 1263 1353 capite,
1293 1271 1352 1334 hac
1380 1273 1420 1336 de

246 1375 370 1437 ratione
392 1388 488 1456 caput
512 1375 607 1439 habet
631 1375 767 1459 figuram
798 1377 973 1439 rotundam
1001 1377 1041 1439 ad
1069 1377 1319 1441 similitudinem
1346 1381 1420 1441 uni-

245 1481 338 1542 versi.
371 1479 476 1561 Caput
510 1493 556 1543 est
592 1483 734 1544 maxime
768 1481 920 1545 divinum
958 1483 1162 1558 membrum,
1200 1485 1417 1566 principatum

244 1598 358 1650 tenens
380 1589 463 1649 inter
487 1600 588 1650 cetera
616 1588 774 1665 membra,
802 1590 854 1651 cui
881 1602 986 1652 totum
1013 1609 1130 1672 corpus
1157 1591 1286 1654 subesse
1312 1592 1416 1657 debet.

244 1695 292 1757 Ne
317 1706 414 1776 caput
434 1693 616 1758 volutatum
644 1697 678 1757 in
705 1708 786 1759 terra
812 1696 1040 1772 offenderetur,
1056 1709 1161 1760 totum
1188 1716 1304 1780 corpus
1331 1701 1358 1762 ei
1384 1714 1419 1763 ut

243 1800 431 1864 vehiculum
459 1802 602 1884 (ὅχημο)’
631 1801 778 1866 deditum
808 1816 865 1879 est,
894 1823 959 1887 quo
988 1816 1083 1885 caput
1115 1823 1251 1885 superne
1281 1819 1420 1888 gestetur

243 1923 273 1973 et
306 1929 422 1993 corpus
457 1921 597 1972 erectum
638 1909 802 1991 procedat.
842 1911 942 1974 Pedes
976 1930 1158 1993 manusque
1194 1923 1229 1973 ut
1263 1911 1418 1978 flexibilia

244 2019 391 2081 membra
418 2017 531 2097 capitis
560 2018 661 2098 gratia
695 2017 832 2082 formata
863 2017 970 2081 eidem
1006 2020 1187 2082 inserviunt
1218 2043 1224 2081 :
1258 2020 1354 2101 pedes
1384 2035 1419 2084 ut

244 2123 344 2187 homo
359 2122 528 2205 procedere
542 2136 571 2186 et
586 2124 695 2188 sistere
708 2126 820 2207 possit,
837 2136 933 2208 caput
948 2144 1085 2206 superne
1097 2138 1224 2207 gestans
1239 2138 1269 2188 et
1285 2146 1415 2204 manus,

242 2241 277 2291 ut
297 2230 421 2313 objecta
443 2230 672 2312 apprehendat.
698 2230 772 2293 Tali
795 2231 895 2294 modo
919 2231 1005 2292 iuxta
1029 2230 1210 2307 Platonem,
1234 2252 1317 2315 quae
1341 2248 1418 2297 sunt

242 2336 403 2400 inferioris
424 2338 560 2413 ordinis,
579 2339 760 2401 inserviunt
781 2337 961 2420 potioribus
986 2335 1267 2422 nobilioribusque
1289 2361 1417 2404 eorum-

240 2463 304 2526 que
321 2446 422 2527 gratia
444 2459 541 2519 sunt;
566 2446 600 2507 in
623 2465 689 2528 quo
708 2465 824 2508 causae
848 2443 956 2506 finalis
980 2457 1094 2507 natura
1119 2465 1238 2529 magna
1264 2466 1302 2509 ex
1328 2461 1416 2529 parte

240 2551 387 2614 consistit
407 2553 430 2614 ².
1090 2538 1095 2551 ⁸

320 2658 452 2735 Natura,
469 2678 552 2741 quae
568 2678 700 2721 sensum
716 2671 848 2721 acutum
865 2659 927 2723 sibi
947 2659 1160 2722 coniunctum
1185 2659 1292 2735 habet,
1310 2680 1415 2744 neque

239 2767 362 2827 ossium
377 2764 507 2847 pondus
526 2784 584 2828 nec
603 2766 711 2827 carnis
731 2764 782 2846 (75
801 2765 831 2826 A
850 2767 890 2847 s.)
906 2766 1045 2846 patitur;
1062 2766 1139 2848 quia
1153 2779 1249 2846 caput
1268 2769 1415 2830 acutissi-

239 2891 332 2935 mum
354 2873 437 2935 inter
456 2872 603 2936 membra
622 2884 679 2948 est,
702 2871 775 2934 ideo
794 2890 865 2934 osse
885 2890 955 2933 raro
975 2883 1162 2934 contextum
1183 2885 1230 2935 est
1249 2871 1413 2957 nullisque

238 2979 392 3043 carnibus
419 2992 449 3043 et
476 2981 583 3042 nervis
609 2990 719 3061 utpote
744 2977 883 3041 flexione
911 2996 1033 3041 carens.
1063 2978 1148 3041 Cum
1179 2992 1287 3043 autem
1317 2994 1414 3063 caput

237 3088 464 3150 acutissimum
482 3087 565 3150 inter
584 3085 732 3149 membra
752 3086 792 3147 sit
811 3085 866 3148 sed
886 3085 1003 3167 pariter
1017 3096 1047 3148 et
1066 3084 1319 3163 debilissimum,
1339 3088 1412 3151 ideo

238 3214 305 3257 non
334 3196 483 3258 carnium
520 3192 650 3275 pondus
679 3192 731 3274 (76
760 3192 799 3274 C)
829 3192 870 3255 ad
898 3192 1017 3256 cerebri
1046 3190 1180 3254 tutelam
1217 3193 1324 3270 habet,
1356 3195 1411 3259 sed

236 3299 381 3383 capillos,
408 3302 464 3384 qui
493 3314 522 3364 et
550 3301 591 3365 ad
619 3300 736 3364 caloris
766 3299 956 3382 frigorisque
985 3301 1209 3383 intemperiem
1236 3301 1409 3364 arcendam

236 3408 403 3473 sufficiunt
424 3427 483 3472 nec
504 3429 618 3472 sensus
640 3426 778 3472 acumen
805 3406 999 3488 impediunt.
1025 3407 1175 3471 Membra
1196 3419 1304 3471 autem
1327 3427 1410 3491 quae

236 3518 375 3580 minime
402 3517 547 3580 animata
581 3528 658 3579 sunt
686 3517 739 3598 (74
764 3515 802 3595 E)
832 3525 867 3576 ut
898 3511 1005 3576 lacerti
1036 3526 1066 3577 et
1097 3513 1228 3578 brachia
1258 3512 1410 3596 plurimis

234 3623 388 3687 carnibus
410 3634 486 3686 sunt
507 3636 665 3704 cooperta.
689 3621 863 3684 Juncturae
877 3621 1002 3683 ossium
1024 3639 1140 3702 parum
1162 3623 1269 3684 carnis
1289 3621 1410 3685 habent

234 3750 276 3794 ne
310 3729 484 3794 difficiliter
515 3729 674 3792 flectendo
708 3728 852 3789 nimium
888 3745 1005 3808 corpus
1040 3727 1074 3787 in
1109 3740 1200 3790 motu
1231 3729 1404 3793 tardarent.

232 3839 416 3902 Anteriores
438 3850 542 3920 partes
564 3837 614 3920 (45
630 3838 659 3899 Α
675 3837 715 3918 s.)
738 3835 876 3898 humani
900 3836 1043 3916 corporis
1065 3848 1141 3899 sunt
1162 3837 1408 3926 praestantiores

233 3958 263 4009 et
277 3945 317 4008 ad
339 3944 568 4027 imperandum
589 3945 738 4026 aptioreS,
757 3941 829 4005 ideo
849 3941 950 4005 homo
966 3961 1034 4006 non
1054 3954 1137 4006 retro
1158 3942 1247 4006 vadit
1266 3943 1321 4007 sed
1337 3964 1409 4026 pro-

231 4054 382 4136 greditur.
407 4053 492 4133 Quia
518 4053 550 4113 in
576 4051 664 4114 hisce
689 4050 835 4132 partibus
860 4051 1034 4131 imperium
1057 4061 1104 4112 est
1125 4050 1293 4132 (ἡγεμονία),
1319 4051 1407 4113 iuxta

231 4160 319 4243 quod
347 4172 452 4223 totum
479 4177 595 4240 corpus
625 4158 784 4240 dirigitur,
816 4157 889 4220 ideo
917 4158 1077 4221 anteriora
1111 4169 1187 4220 sunt
1211 4157 1346 4221 discreta
1377 4169 1407 4220 et

297 4379 316 4415 1.
333 4364 405 4415 Tim.
478 4365 501 4414 Ε
571 4365 600 4416 C.

291 4463 314 4497 2.
334 4364 645 4510 Aristbtlles’ffiquitur
667 4444 736 4495 hanc
762 4443 916 4495 doctrinam
944 4442 1064 4494 Platonis
1092 4444 1128 4493 ita
1154 4443 1248 4495 dicens
1272 4461 1278 4493 ο
1302 4443 1337 4507 τῷ
1360 4435 1405 4508 γὰρ

229 4521 315 4591 μείζονι
328 4520 367 4572 καὶ
380 4521 500 4593 κοριοτίοῳ
514 4521 638 4590 προσέθηκε
654 4517 791 4582 τοῦλαττον,
805 4519 888 4571 ἀλλὀὐ
903 4523 937 4591 τῷ
956 4518 1061 4570 ἐλάττονι
1074 4518 1102 4570 τὸ
1115 4519 1251 4590 τιμιώττρον
1264 4518 1304 4570 καὶ
1320 4538 1358 4589 μοι
1372 4538 1404 4570 ον.

229 4608 264 4658 lV
277 4609 315 4658 De
329 4618 397 4673 part.
412 4606 505 4667 anim..
518 4621 544 4667 x,
560 4620 586 4672 p.
598 4620 652 4671 290,
664 4621 689 4666 v,
701 4621 739 4658 20.
751 4632 782 4644 -
792 4606 821 4656 ln
835 4615 893 4657 toto
909 4605 961 4656 hoc
974 4603 1061 4670 capite
1076 4614 1117 4655 est
1134 4618 1224 4656 senno
1237 4605 1271 4656 de
1282 4604 1402 4656 bomine.
