3278 5536
776 1598 946 1670 CAPUT
975 1601 1009 1668 ll

399 2220 532 2280 Quales
554 2233 685 2278 oausae
708 2223 796 2277 anta
814 2220 1068 2291 Anaxagoram
1090 2221 1198 2274 notae
1215 2217 1391 2276 luerint?

389 2459 545 2523 Vidimus
567 2461 600 2522 in
623 2459 744 2544 quibus
764 2460 975 2542 Anaxagorae
1000 2457 1208 2542 philosophia
1230 2459 1361 2537 deficit;
1386 2480 1481 2543 expo·

312 2588 441 2644 nemus,
458 2567 537 2650 quid
559 2567 612 2632 ille
631 2586 705 2650 prae
729 2568 796 2630 suis
815 2566 1113 2648 praedecessoribus
1135 2565 1399 2650 philosophando
1413 2570 1479 2633 veri

311 2676 453 2757 novique
474 2673 599 2737 dixerit.

391 2780 551 2861 Quattuor
569 2782 706 2843 causas¹
728 2779 914 2843 Aristoteles
935 2782 1028 2862 ponit
1047 2781 1281 2863 investigatque
1300 2782 1380 2865 quid
1399 2783 1482 2845 anti-

310 2889 366 2971 qui
387 2887 427 2951 de
446 2887 561 2951 iisdem
583 2886 761 2950 docuerint.
779 2887 965 2950 Generatim
987 2886 1033 2950 illi
1054 2908 1156 2950 unam
1171 2887 1223 2951 vel
1242 2887 1350 2971 plures
1368 2908 1482 2953 causas

312 2993 492 3058 materiales
511 2994 696 3077 ponebant3
717 3013 858 3076 cumque
877 2993 1023 3057 viderent
1041 2996 1347 3058 transmutationem
1371 2998 1405 3058 in
1422 2996 1482 3059 hac

312 3103 456 3178 materia,
486 3100 647 3165 evidentia
673 3103 773 3164 coacti
804 3113 890 3177 sunt,
916 3121 1048 3164 causam
1076 3101 1174 3165 huius
1198 3104 1482 3167 transmutationis

312 3211 489 3292 inquirere,
519 3228 602 3291 quae
631 3227 727 3271 causa
758 3221 805 3271 est
833 3207 978 3271 efficiens
1008 3229 1063 3271 seu
1094 3208 1183 3272 unde
1215 3221 1333 3272 motus.
1365 3209 1482 3290 Quoad

312 3317 397 3380 hanc
411 3334 542 3378 causam
559 3313 725 3397 tripliciter
739 3334 772 3377 se
792 3313 986 3378 habuerunt.
1003 3314 1067 3376 Alii
1089 3314 1209 3378 scilicet
1228 3314 1331 3379 solam
1348 3335 1481 3380 causam

312 3421 510 3486 materialem
536 3433 703 3503 ponentes,
729 3420 827 3483 veluti
853 3420 913 3484 hac
938 3419 1006 3484 sola
1029 3424 1184 3498 contenti,
1210 3422 1250 3485 de
1274 3424 1483 3506 indagatione

310 3550 425 3595 causae
454 3530 616 3592 moventis
644 3547 758 3610 parum
795 3528 961 3591 curabant.
991 3527 1056 3591 Alii
1085 3530 1141 3612 qui
1176 3530 1334 3612 putabant
1368 3532 1483 3593 omnia

311 3658 379 3701 esse
414 3657 532 3712 unum,
564 3649 690 3699 motum
726 3636 864 3699 totaliter
899 3636 1135 3713 subtraxerunt,
1167 3649 1385 3720 supponentes
1420 3637 1481 3702 hoc

312 3761 416 3805 unum
442 3762 510 3806 esse
534 3739 715 3816 immobile,
741 3753 776 3804 ut
802 3740 954 3803 Melissus
977 3752 1007 3804 et
1033 3741 1252 3805 Parmenides.
1281 3743 1330 3806 illi
1356 3757 1479 3820 tamen,

312 3850 368 3931 qui
391 3868 492 3912 unam
516 3848 619 3912 solam
643 3847 857 3910 substantiam
878 3847 1103 3924 admittebant,
1126 3860 1252 3912 motum
1274 3870 1329 3913 seu
1348 3869 1480 3914 causam

312 3955 518 4032 efficientem,
550 3955 758 4018 rarefactione
789 3966 885 4036 atque
909 3955 1164 4020 condensatione
1197 3968 1345 4022 constare
1371 3957 1482 4042 aliquo

314 4064 414 4128 modo
448 4062 652 4127 dictitabant.
684 4061 893 4125 Parmenides
927 4074 957 4125 et
992 4063 1145 4128 Melissus
1179 4082 1313 4128 omnem
1349 4084 1481 4127 causam

314 4170 507 4235 efficientem
543 4189 673 4252 prorsus
709 4169 879 4252 negabant.
909 4170 1020 4234 Tertio
1055 4182 1216 4233 venerunt
1246 4170 1395 4248 tandem,
1426 4172 1481 4255 qui

315 4277 422 4360 plures
442 4278 639 4341 substantias
661 4275 841 4340 materiales
859 4278 1036 4359 ponebant,
1052 4298 1083 4340 v.
1098 4296 1143 4361 gr.
1160 4289 1277 4342 terram
1298 4290 1328 4342 et
1347 4280 1454 4363 ignem
1473 4303 1479 4342 :

380 4525 399 4561 ι.
419 4509 428 4560 Ι
444 4509 519 4572 Met,
534 4525 572 4570 111,
589 4525 615 4576 p.
630 4522 695 4575 471,
711 4508 819 4560 initium
834 4524 892 4576 cap.
