3278 5542
716 593 916 657 „61-

313 753 405 816 ldeae
429 764 505 815 sunt
526 753 622 815 etiam
645 771 760 816 causae
782 752 905 817 finales.
929 754 966 815 ln
988 756 1034 817 eis
1055 755 1143 817 enim
1165 754 1307 816 cernitur
1328 751 1403 815 sub·

232 862 350 924 stantia
366 859 467 941 (olata)
487 871 516 922 et
530 857 739 940 pulchritudo
754 860 912 942 cuiusque
927 861 981 923 rei.
1000 860 1093 923 ldeae
1112 872 1188 923 sunt
1202 859 1400 942 principium

232 967 359 1031 bonum
382 978 412 1029 et
432 964 593 1048 quidquid
615 964 742 1046 pulchri
766 966 800 1027 in
824 965 918 1030 rebus
939 979 996 1042 est,
1014 965 1075 1029 hoc
1099 965 1135 1028 fit
1157 984 1212 1047 per
1234 966 1403 1047 participa·

230 1075 355 1138 tionem
392 1072 550 1136 idearum.
581 1072 620 1135 Et
647 1072 783 1136 verbum
811 1074 999 1156 participare
1029 1073 1176 1156 (μετέχειν)
1203 1073 1344 1135 sumitur
1367 1073 1401 1134 in

232 1200 329 1245 sensu
358 1181 459 1256 bono,
489 1179 610 1243 scilicet
644 1181 890 1244 communicare
917 1179 1014 1243 alicui
1044 1178 1182 1255 bonum,
1214 1198 1291 1241 nam
1321 1178 1404 1240 sicut

230 1288 393 1371 generatio
428 1305 535 1351 rerum
572 1285 607 1349 fit
640 1287 885 1369 participatione
923 1300 953 1351 et
990 1306 1119 1350 accessu
1159 1286 1339 1350 formarum
1377 1287 1401 1360 ¹,

233 1396 276 1458 ita
299 1394 463 1476 corruptio
487 1412 555 1456 non
585 1393 829 1476 participatione
856 1393 911 1457 sed
938 1413 1061 1458 recessu
1085 1393 1278 1457 formarum.
1302 1392 1405 1474 Quid·

232 1501 312 1584 quid
336 1499 463 1583 pulchri
487 1512 517 1563 et
541 1499 619 1563 boni
643 1500 676 1562 in
701 1499 796 1564 rebus
819 1513 877 1576 est,
898 1500 939 1563 ab
964 1500 1044 1564 ideis
1067 1513 1125 1577 est,
1146 1500 1273 1564 bonum
1295 1513 1402 1564 autem

232 1620 280 1672 est
301 1608 345 1684 id,
367 1607 455 1691 quod
480 1626 540 1670 suo
561 1605 619 1668 fini
644 1606 824 1689 respondet.
844 1606 914 1670 Hoc
939 1607 1039 1671 modo
1065 1607 1154 1671 ideae
1176 1607 1404 1672 constituendo
1462 1669 1464 1672 .

233 1735 282 1779 res
303 1735 359 1798 per
380 1714 521 1778 formam
545 1715 579 1775 in
600 1726 686 1777 certo
709 1713 809 1776 modo
832 1713 971 1790 essendi,
994 1714 1074 1777 dant
1094 1714 1188 1778 rebus
1212 1715 1324 1790 finem,
1347 1716 1403 1798 qui

233 1823 268 1884 in
292 1821 397 1886 forma
416 1822 574 1903 cuiusque
589 1821 633 1884 rei
653 1820 768 1884 existit.
786 1819 878 1901 Quae
898 1820 1003 1884 forma
1024 1833 1071 1885 est
1091 1821 1168 1884 finis
1188 1822 1405 1904 generationis

233 1948 361 2004 rerum;
379 1927 485 1991 forma
499 1939 530 1991 et
549 1927 729 1991 substantia
748 1928 789 1991 ab
810 1928 890 1991 ideis
909 1927 1052 2010 procedit
1070 1940 1101 1992 et
1117 1927 1173 1992 tali
1195 1928 1294 1992 modo
1316 1929 1405 1992 ideae

234 2048 311 2100 sunt
333 2055 449 2098 causae
473 2033 587 2097 finales
610 2034 836 2117 generationis
863 2054 982 2098 rerum.
1010 2035 1120 2098 -De
1146 2034 1269 2099 finibus
1296 2048 1403 2099 autem

234 2161 341 2206 rerum
361 2148 596 2223 generatorum
619 2152 649 2203 et
670 2140 710 2203 de
732 2139 944 2204 relationibus
962 2161 1074 2205 earum
1096 2143 1180 2206 inter
1198 2161 1241 2217 se,
1260 2141 1351 2206 Plato
1370 2143 1404 2205 in

236 2248 297 2311 hoc
316 2246 446 2330 dialogo
467 2266 535 2310 non
555 2245 709 2329 loquitur.

315 2355 401 2419 Cum
423 2353 514 2418 Plato
536 2352 674 2437 loquens
694 2354 734 2418 de
754 2354 834 2418 ideis
851 2367 886 2418 ut
906 2356 1012 2419 causis
1032 2375 1152 2432 rerum,
1169 2357 1209 2420 de
1231 2356 1321 2420 nulla
1342 2356 1406 2420 alia

235 2479 332 2524 causa
352 2462 386 2523 in
407 2461 468 2524 hac
487 2461 629 2525 secunda
643 2462 696 2524 via
718 2462 844 2547 (δευτέρῳ
863 2463 936 2545 πλῷ)
959 2461 1120 2546 loquatur,
1138 2464 1198 2527 hac
1219 2464 1259 2529 de
1283 2466 1406 2529 ratione

235 2581 337 2650 potest
357 2567 509 2632 concludi
533 2568 621 2632 ideas
642 2587 710 2632 esse
731 2569 828 2635 etiam
849 2587 963 2632 causas
984 2568 1168 2634 efficientes.
1186 2571 1296 2654 ltaque
1318 2571 1407 2635 ideae

235 2687 341 2738 essent
359 2694 474 2739 causae
495 2673 703 2757 exemplares,
726 2673 890 2750 formaleS,
914 2674 1029 2739 finales
1048 2678 1266 2759 generationis
1286 2690 1316 2742 et
1341 2677 1408 2741 effi·

235 2783 356 2846 cientes
390 2783 543 2845 omnium
580 2800 703 2844 rerum.
737 2780 840 2844 Zeller
869 2782 880 2817 ²
917 2801 984 2846 non
1023 2781 1149 2866 illogice
1189 2783 1249 2847 sub
1287 2782 1405 2865 triplici

236 2889 353 2954 ultimo
378 2901 520 2971 respectu
546 2887 624 2951 dicit
649 2907 703 2951 eas
725 2907 794 2951 esse
816 2889 996 2971 propositas
1023 2891 1057 2952 in
1083 2912 1103 2950 «
1129 2890 1344 2954 Phaedone»
1373 2903 1408 2954 ut

235 3017 373 3072 causas;
404 2996 459 3060 sed
486 3007 594 3059 utrum
623 2996 728 3058 stricte
753 2994 968 3059 demonstrari
992 2998 1093 3079 possit
1118 3016 1171 3060 eas
1194 3016 1262 3060 esse
1286 2997 1320 3059 in
1346 2997 1407 3060 hoc

232 3099 365 3186 'dialogo
393 3115 428 3166 ut
457 3122 570 3166 causas
600 3101 775 3165 efficientes
809 3103 1004 3184 propositas,
1031 3103 1120 3186 quod
1148 3103 1250 3168 Zeller
1280 3103 1407 3167 videtur

235 3211 374 3294 opinari,
396 3229 438 3273 an
462 3208 673 3273 solummodo
694 3209 919 3285 coniecturam,
941 3210 1048 3273 statim
1070 3210 1267 3274 videbimus.

301 3432 321 3467 r.
341 3415 419 3475 lbid.‚
436 3431 461 3482 p.
481 3429 526 3467 102
542 3416 564 3466 D
579 3443 612 3481 ··,
626 3415 668 3466 105
684 3414 714 3465 C.
1329 3457 1331 3462 .

298 3513 321 3548 2.
339 3517 352 3543 e
368 3496 529 3548 Geschichte
544 3495 593 3547 der
608 3495 676 3546 Phil.
692 3494 719 3546 d.
731 3495 864 3547 Griechen
879 3513 903 3556 »‚
920 3496 951 3556 ll,
968 3512 985 3557 1,
1001 3512 1027 3563 p.
1040 3496 1096 3564 687,
1113 3497 1122 3547 l
1139 3499 1210 3549 Anm
1223 3517 1230 3548 ι
1244 3516 1257 3543 «
1274 3497 1303 3548 ln
1319 3497 1408 3549 dieser

234 3592 337 3644 ganzen
354 3576 656 3641 Auseinandersetzung
676 3575 743 3626 wird
766 3591 823 3626 nun
844 3577 979 3628 zwischen
998 3577 1046 3629 der
1068 3577 1261 3643 begrifflichen,
1279 3577 1328 3629 der
1348 3577 1409 3628 wir·

235 3658 343 3709 kenden
357 3656 413 3708 und
429 3656 477 3708 der
492 3655 665 3707 Endursache
677 3655 751 3706 nicht
762 3655 822 3707 blos
837 3656 912 3707 nicht
925 3658 1143 3718 unterschreden,
1154 3657 1273 3710 sondern
1286 3657 1337 3709 alle
1349 3658 1408 3708 drei

235 3738 344 3790 werden
359 3737 479 3788 deutlich
494 3750 591 3801 genug
605 3735 649 3786 sttr
664 3735 713 3786 Ein
729 3735 785 3786 und
801 3736 925 3788 dasselbe
939 3738 1054 3790 erklaert.
1069 3756 1085 3788 a
1100 3739 1240 3805 -Neque
1256 3739 1297 3789 vir
1309 3738 1409 3790 doctis·

236 3819 322 3870 simus
343 3817 417 3876 dicit,
439 3827 530 3867 utrum
552 3826 617 3867 sunt
635 3815 711 3867 ideae
733 3830 828 3867 causae
846 3817 939 3868 finales
958 3819 1148 3883 generationis,
1170 3833 1204 3870 an
1227 3833 1290 3871 vero
1318 3832 1407 3869 rerum

234 3908 432 3965 generatorum,
452 3911 522 3963 quae
543 3895 682 3947 distinctio
704 3896 776 3947 haud
802 3896 876 3962 parvi
899 3899 1030 3949 momenti
1049 3909 1098 3950 est.
1114 3900 1170 3950 Nos
1189 3898 1343 3950 videbimus
1364 3913 1409 3949 eas

237 3993 285 4030 nec
300 3993 381 4029 sensu
398 3976 517 4028 Platonis
533 3991 612 4041 posse
627 3978 686 4026 esse
701 3990 795 4026 causas
810 3976 904 4028 finales
919 3992 1008 4029 rerum
1023 3990 1220 4044 generatarum.
