3278 5536
788 1407 959 1479 CAPUT
989 1408 1039 1476 VI

859 1664 965 1679 m

435 1903 663 1994 Comparatio
692 1904 850 1980 notionis
879 1923 1013 1978 causae
1041 1903 1163 1978 finalis
1192 1902 1393 1993 platonicae

741 2057 821 2111 cum
849 2036 1082 2113 aristotelica.

834 2247 994 2256 ———-

409 2422 476 2484 Nos
490 2441 566 2484 cum
582 2422 803 2487 evolutionem
819 2443 934 2487 causae
953 2423 1061 2486 finalis
1082 2423 1232 2485 historice
1246 2420 1503 2495 consideremus

330 2530 522 2591 summatim
556 2529 790 2612 explicabimus
818 2531 987 2614 quomodo
1020 2531 1216 2611 Demiurgus
1249 2527 1431 2611 platonicus
1465 2529 1507 2589 sit

330 2656 426 2699 causa
456 2636 574 2712 finalis,
605 2636 697 2713 dein,
729 2639 862 2701 notione
898 2638 1035 2702 breviter
1070 2637 1211 2700 indicata
1245 2656 1361 2699 causae
1396 2633 1506 2696 finalis

329 2743 550 2819 aristotelicae,
574 2746 851 2826 comparationem
877 2746 1044 2828 utriusque
1069 2743 1254 2827 philosophi
1283 2744 1503 2816 instituemus,

332 2851 410 2913 hinc
429 2850 562 2933 quidem
582 2851 850 2915 concordantiam
872 2851 948 2915 inde
967 2871 1042 2914 vero
1065 2850 1261 2914 discordiam
1285 2851 1367 2912 inter
1388 2850 1507 2931 magis-

331 2955 418 3021 trum
443 2958 707 3042 discipulumque
729 2969 956 3022 monstrantes.

404 3219 606 3291 Exponitur
624 3221 799 3292 memorio
823 3221 1042 3292 Demiurgus
1067 3219 1228 3276 Platonis
1250 3217 1300 3275 sit
1322 3217 1436 3274 totius

796 3319 922 3377 mundi
947 3319 1042 3375 finis.

414 3496 501 3558 Deus
524 3495 612 3557 iuxta
629 3493 797 3557 Platonem
814 3508 942 3578 propter
961 3515 1054 3557 suam
1076 3493 1254 3558 bonitatem
1276 3512 1343 3556 non
1363 3491 1509 3575 qualem-

334 3619 464 3682 cunque
484 3599 538 3663 sed
558 3598 815 3681 pulcherrimum
833 3599 998 3663 mundum
1018 3599 1132 3663 effecit.
1152 3600 1188 3661 ln
1205 3600 1348 3662 bonitate
1362 3599 1511 3662 consistit

256 3703 258 3709 '
335 3705 512 3788 principale
534 3707 724 3770 attributum
747 3707 806 3769 Dei
828 3719 858 3770 et
879 3706 987 3770 bonus
1011 3708 1207 3791 Demiurgus
1228 3720 1275 3770 est
1296 3706 1364 3770 sola
1385 3716 1415 3768 et
1435 3724 1510 3767 vera

323 3813 406 3895 ,αἰτία
425 3814 579 3876 universi.
597 3815 677 3875 Αἱτία
697 3825 744 3876 est
766 3812 894 3877 Platoni
916 3833 951 3877 ea
973 3834 1081 3890 causa,
1101 3834 1184 3897 quae
1205 3816 1328 3896 optima
1348 3828 1378 3878 et
1396 3813 1510 3878 omnia

336 3918 459 3998 optime
473 3917 581 3981 efficit.
600 3919 685 3981 Bene
699 3917 849 3982 effectum
865 3931 911 3982 est
924 3919 968 3995 id,
985 3919 1074 4002 quod
1094 3939 1153 3982 suo
1168 3919 1226 3981 fini
1247 3919 1428 4001 respondet.

416 4023 500 4086 Tota
530 4026 767 4108 argumentatio
798 4024 943 4088 Platonis
972 4025 1012 4089 de
1041 4028 1202 4089 creatione
1232 4026 1374 4089 universi
1401 4025 1512 4107 quoad

338 4126 486 4192 ordinem
516 4133 629 4194 nititur
651 4131 810 4215 analogia.
839 4133 925 4195 Deus
949 4134 1037 4196 enim
1063 4145 1109 4197 est
1131 4134 1275 4216 optimus
1301 4133 1425 4210 artifex,
1454 4135 1511 4216 qui

340 4233 504 4299 mundum
529 4237 659 4300 ordinat
686 4257 724 4300 ex
751 4239 972 4319 praeexistenti
998 4240 1141 4302 materia.
1165 4239 1360 4302 Ordinando
1383 4239 1514 4302 univer-

339 4358 412 4401 sum
442 4341 605 4425 duplicem
635 4342 735 4406 finem
765 4342 905 4406 intendit
933 4345 1031 4421 Deus,
1061 4365 1158 4428 quem
1188 4366 1247 4409 suo
1274 4348 1361 4429 operi
1391 4346 1476 4409 indit
1504 4371 1510 4409 :

340 4447 439 4511 efficit
465 4469 608 4533 namque
633 4449 889 4533 pulcherrimum
919 4453 1082 4516 mundum
1110 4467 1140 4516 et
1166 4453 1278 4530 talem,
1305 4466 1340 4518 ut
1366 4455 1514 4521 mundus

340 4557 381 4619 sit
406 4554 466 4618 sibi
497 4558 557 4638 ipsi
582 4556 748 4622 sufficiens
769 4558 813 4640 (p.
834 4559 897 4641 96).
921 4559 1133 4624 Pulchritudo
1158 4562 1273 4625 mundi
1301 4562 1449 4625 consistit
1478 4562 1512 4623 in
