<?xml version="1.0" encoding="UTF-8"?>
<!DOCTYPE html PUBLIC "-//W3C//DTD XHTML 1.0 Transitional//EN"
    "http://www.w3.org/TR/xhtml1/DTD/xhtml1-transitional.dtd">
<html xmlns="http://www.w3.org/1999/xhtml" xml:lang="en" lang="en">
 <head>
  <title>
</title>
<meta http-equiv="Content-Type" content="text/html;charset=utf-8" />
  <meta name='ocr-system' content='tesseract 3.04.00' />
  <meta name='ocr-capabilities' content='ocr_page ocr_carea ocr_par ocr_line ocrx_word'/>
</head>
<body>
  <div class='ocr_page' id='page_1' title='image "./decausafinaliap00naujgoog_0143.png"; bbox 0 0 3278 5536; ppageno 0'>
   <div class='ocr_carea' id='block_1_1' title="bbox 696 1298 932 1410">
    <p class='ocr_par' dir='ltr' id='par_1_1' title="bbox 696 1298 932 1410">
     <span class='ocr_line' id='line_1_1' title="bbox 696 1298 932 1410; baseline -0.017 0"><span class='ocrx_word' id='word_1_1' title='bbox 696 1298 866 1410; x_wconf 74' lang='lat' dir='ltr'>carus</span> <span class='ocrx_word' id='word_1_2' title='bbox 899 1337 932 1406; x_wconf 89' lang='lat' dir='ltr'>rr</span> 
     </span>
    </p>
   </div>
   <div class='ocr_carea' id='block_1_2' title="bbox 762 1594 866 1609">
    <p class='ocr_par' dir='ltr' id='par_1_2' title="bbox 762 1594 866 1609">
     <span class='ocr_line' id='line_1_2' title="bbox 762 1594 866 1609; baseline 0 0"><span class='ocrx_word' id='word_1_3' title='bbox 762 1594 866 1609; x_wconf 69' lang='grc' dir='ltr'><strong>ΜΜΜΑΜ</strong></span> 
     </span>
    </p>
   </div>
   <div class='ocr_carea' id='block_1_3' title="bbox 230 1776 1400 2063">
    <p class='ocr_par' dir='ltr' id='par_1_3' title="bbox 230 1776 1400 2063">
     <span class='ocr_line' id='line_1_3' title="bbox 230 1776 1400 1949; baseline -0.006 -35"><span class='ocrx_word' id='word_1_4' title='bbox 230 1837 330 1914; x_wconf 84' lang='lat' dir='ltr'>Plato</span> <span class='ocrx_word' id='word_1_5' title='bbox 354 1857 399 1912; x_wconf 85' lang='lat' dir='ltr'>ex</span> <span class='ocrx_word' id='word_1_6' title='bbox 425 1835 555 1949; x_wconf 83' lang='lat' dir='ltr'>ordine¹</span> <span class='ocrx_word' id='word_1_7' title='bbox 572 1833 694 1909; x_wconf 87' lang='lat' dir='ltr'>mundi</span> <span class='ocrx_word' id='word_1_8' title='bbox 715 1833 845 1925; x_wconf 85' lang='lat' dir='ltr'>probat</span> <span class='ocrx_word' id='word_1_9' title='bbox 865 1831 1084 1906; x_wconf 84' lang='lat' dir='ltr'>intellectum</span> <span class='ocrx_word' id='word_1_10' title='bbox 1109 1776 1400 1923; x_wconf 88' lang='lat' dir='ltr'>principaliorem</span> 
     </span>
     <span class='ocr_line' id='line_1_4' title="bbox 294 1964 1332 2063; baseline -0.007 -16"><span class='ocrx_word' id='word_1_11' title='bbox 294 1971 477 2063; x_wconf 81' lang='lat' dir='ltr'>voluptate</span> <span class='ocrx_word' id='word_1_12' title='bbox 499 1988 583 2046; x_wconf 88' lang='lat' dir='ltr'>esse</span> <span class='ocrx_word' id='word_1_13' title='bbox 602 1970 639 2044; x_wconf 87' lang='lat' dir='ltr'>et</span> <span class='ocrx_word' id='word_1_14' title='bbox 661 1967 840 2042; x_wconf 88' lang='lat' dir='ltr'>hominem</span> <span class='ocrx_word' id='word_1_15' title='bbox 860 1965 964 2058; x_wconf 78' lang='lat' dir='ltr'>dirigi</span> <span class='ocrx_word' id='word_1_16' title='bbox 984 1965 1117 2041; x_wconf 89' lang='lat' dir='ltr'>debere</span> <span class='ocrx_word' id='word_1_17' title='bbox 1136 1964 1332 2041; x_wconf 82' lang='lat' dir='ltr'>intellectu.</span> 
     </span>
    </p>
   </div>
   <div class='ocr_carea' id='block_1_4' title="bbox 230 2329 1403 2543">
    <p class='ocr_par' dir='ltr' id='par_1_4' title="bbox 230 2329 1403 2543">
     <span class='ocr_line' id='line_1_5' title="bbox 233 2329 1400 2439; baseline -0.003 -19"><span class='ocrx_word' id='word_1_18' title='bbox 233 2352 250 2363; x_wconf 81' lang='grc'>”’</span> <span class='ocrx_word' id='word_1_19' title='bbox 285 2332 291 2375; x_wconf 62' lang='lat'><em>³</em></span> <span class='ocrx_word' id='word_1_20' title='bbox 309 2357 346 2419; x_wconf 85' lang='lat' dir='ltr'>In</span> <span class='ocrx_word' id='word_1_21' title='bbox 363 2335 518 2439; x_wconf 83' lang='lat' dir='ltr'>superiori</span> <span class='ocrx_word' id='word_1_22' title='bbox 533 2345 636 2439; x_wconf 81' lang='lat' dir='ltr'>capite</span> <span class='ocrx_word' id='word_1_23' title='bbox 651 2343 742 2418; x_wconf 85' lang='lat' dir='ltr'>Plato</span> <span class='ocrx_word' id='word_1_24' title='bbox 758 2330 925 2417; x_wconf 74' lang='lat' dir='ltr'>ornatura</span> <span class='ocrx_word' id='word_1_25' title='bbox 935 2329 1083 2417; x_wconf 79' lang='lat' dir='ltr'>¹uniuersi</span> <span class='ocrx_word' id='word_1_26' title='bbox 1099 2332 1259 2417; x_wconf 78' lang='lat' dir='ltr'>conclusit</span> <span class='ocrx_word' id='word_1_27' title='bbox 1273 2353 1400 2417; x_wconf 92' lang='lat' dir='ltr'>bonum</span> 
     </span>
     <span class='ocr_line' id='line_1_6' title="bbox 230 2458 1403 2543; baseline -0.006 -15"><span class='ocrx_word' id='word_1_28' title='bbox 230 2463 376 2528; x_wconf 91' lang='lat' dir='ltr'>hominis</span> <span class='ocrx_word' id='word_1_29' title='bbox 407 2463 442 2525; x_wconf 92' lang='lat' dir='ltr'>in</span> <span class='ocrx_word' id='word_1_30' title='bbox 473 2463 631 2526; x_wconf 81' lang='lat' dir='ltr'>mixtione</span> <span class='ocrx_word' id='word_1_31' title='bbox 654 2458 828 2543; x_wconf 90' lang='lat' dir='ltr'>voluptatis</span> <span class='ocrx_word' id='word_1_32' title='bbox 853 2479 929 2524; x_wconf 93' lang='lat' dir='ltr'>cum</span> <span class='ocrx_word' id='word_1_33' title='bbox 955 2458 1118 2524; x_wconf 90' lang='lat' dir='ltr'>intellectu</span> <span class='ocrx_word' id='word_1_34' title='bbox 1143 2459 1328 2523; x_wconf 86' lang='lat' dir='ltr'>consistere.</span> <span class='ocrx_word' id='word_1_35' title='bbox 1355 2459 1403 2522; x_wconf 82' lang='lat' dir='ltr'>Ex</span> 
     </span>
    </p>
   </div>
   <div class='ocr_carea' id='block_1_5' title="bbox 228 2565 1506 2652">
    <p class='ocr_par' dir='ltr' id='par_1_5' title="bbox 228 2565 1506 2652">
     <span class='ocr_line' id='line_1_7' title="bbox 228 2565 1506 2652; baseline -0.003 -18"><span class='ocrx_word' id='word_1_36' title='bbox 228 2569 283 2634; x_wconf 90' lang='lat' dir='ltr'>tali</span> <span class='ocrx_word' id='word_1_37' title='bbox 326 2570 488 2652; x_wconf 83' lang='lat' dir='ltr'>positione</span> <span class='ocrx_word' id='word_1_38' title='bbox 529 2567 630 2652; x_wconf 84' lang='lat' dir='ltr'><strong>logice</strong></span> <span class='ocrx_word' id='word_1_39' title='bbox 669 2569 814 2652; x_wconf 90' lang='lat' dir='ltr'>sequitur</span> <span class='ocrx_word' id='word_1_40' title='bbox 853 2565 972 2631; x_wconf 92' lang='lat' dir='ltr'>solutio</span> <span class='ocrx_word' id='word_1_41' title='bbox 1018 2566 1149 2631; x_wconf 90' lang='lat' dir='ltr'>alterius</span> <span class='ocrx_word' id='word_1_42' title='bbox 1189 2566 1401 2649; x_wconf 87' lang='lat' dir='ltr'>quaestionis,</span> <span class='ocrx_word' id='word_1_43' title='bbox 1497 2612 1506 2630; x_wconf 89' lang='lat'><em>.</em></span> 
     </span>
    </p>
   </div>
   <div class='ocr_carea' id='block_1_6' title="bbox 227 2672 1406 4257">
    <p class='ocr_par' dir='ltr' id='par_1_6' title="bbox 229 2672 1400 2866">
     <span class='ocr_line' id='line_1_8' title="bbox 229 2672 1400 2760; baseline -0.004 -19"><span class='ocrx_word' id='word_1_44' title='bbox 229 2676 317 2760; x_wconf 92' lang='lat' dir='ltr'>quod</span> <span class='ocrx_word' id='word_1_45' title='bbox 351 2695 494 2759; x_wconf 91' lang='lat' dir='ltr'>namque</span> <span class='ocrx_word' id='word_1_46' title='bbox 526 2675 725 2758; x_wconf 92' lang='lat' dir='ltr'>principium</span> <span class='ocrx_word' id='word_1_47' title='bbox 760 2674 801 2737; x_wconf 94' lang='lat' dir='ltr'>sit</span> <span class='ocrx_word' id='word_1_48' title='bbox 832 2672 1045 2758; x_wconf 88' lang='lat' dir='ltr'>principalius</span> <span class='ocrx_word' id='word_1_49' title='bbox 1079 2675 1112 2736; x_wconf 91' lang='lat' dir='ltr'>in</span> <span class='ocrx_word' id='word_1_50' title='bbox 1142 2672 1202 2736; x_wconf 93' lang='lat' dir='ltr'>hac</span> <span class='ocrx_word' id='word_1_51' title='bbox 1231 2674 1400 2749; x_wconf 82' lang='lat' dir='ltr'>mixtione,</span> 
     </span>
     <span class='ocr_line' id='line_1_9' title="bbox 229 2779 809 2866; baseline -0.007 -20"><span class='ocrx_word' id='word_1_52' title='bbox 229 2796 339 2846; x_wconf 93' lang='lat' dir='ltr'>utrum</span> <span class='ocrx_word' id='word_1_53' title='bbox 364 2780 514 2866; x_wconf 90' lang='lat' dir='ltr'>voluptas</span> <span class='ocrx_word' id='word_1_54' title='bbox 535 2800 577 2844; x_wconf 93' lang='lat' dir='ltr'>an</span> <span class='ocrx_word' id='word_1_55' title='bbox 601 2779 809 2844; x_wconf 83' lang='lat' dir='ltr'>intellectus?</span> 
     </span>
    </p>

    <p class='ocr_par' dir='ltr' id='par_1_7' title="bbox 229 2887 1405 3294">
     <span class='ocr_line' id='line_1_10' title="bbox 311 2887 1404 2972; baseline 0.001 -20"><span class='ocrx_word' id='word_1_56' title='bbox 311 2890 347 2952; x_wconf 93' lang='lat' dir='ltr'>ln</span> <span class='ocrx_word' id='word_1_57' title='bbox 368 2889 428 2952; x_wconf 94' lang='lat' dir='ltr'>hac</span> <span class='ocrx_word' id='word_1_58' title='bbox 442 2887 630 2972; x_wconf 87' lang='lat' dir='ltr'>quaestione</span> <span class='ocrx_word' id='word_1_59' title='bbox 650 2888 701 2970; x_wconf 85' lang='lat'>(27</span> <span class='ocrx_word' id='word_1_60' title='bbox 728 2887 813 2950; x_wconf 73' lang='lat'>13-31</span> <span class='ocrx_word' id='word_1_61' title='bbox 834 2889 878 2970; x_wconf 86' lang='lat' dir='ltr'>A)</span> <span class='ocrx_word' id='word_1_62' title='bbox 894 2887 1006 2951; x_wconf 92' lang='lat' dir='ltr'>eadem</span> <span class='ocrx_word' id='word_1_63' title='bbox 1029 2889 1153 2953; x_wconf 92' lang='lat' dir='ltr'>ratione</span> <span class='ocrx_word' id='word_1_64' title='bbox 1178 2888 1264 2951; x_wconf 93' lang='lat' dir='ltr'>acin</span> <span class='ocrx_word' id='word_1_65' title='bbox 1280 2906 1404 2971; x_wconf 91' lang='lat' dir='ltr'>praece·</span> 
     </span>
     <span class='ocr_line' id='line_1_11' title="bbox 230 2993 1404 3079; baseline 0.002 -21"><span class='ocrx_word' id='word_1_66' title='bbox 230 2995 318 3059; x_wconf 89' lang='lat' dir='ltr'>denti</span> <span class='ocrx_word' id='word_1_67' title='bbox 334 2994 486 3079; x_wconf 91' lang='lat' dir='ltr'>procedit.</span> <span class='ocrx_word' id='word_1_68' title='bbox 504 2993 670 3059; x_wconf 88' lang='lat' dir='ltr'>Scrutatur</span> <span class='ocrx_word' id='word_1_69' title='bbox 694 2993 814 3057; x_wconf 91' lang='lat' dir='ltr'>scilicet</span> <span class='ocrx_word' id='word_1_70' title='bbox 828 2995 922 3058; x_wconf 92' lang='lat' dir='ltr'>initio</span> <span class='ocrx_word' id='word_1_71' title='bbox 936 3008 1085 3058; x_wconf 91' lang='lat' dir='ltr'>naturam</span> <span class='ocrx_word' id='word_1_72' title='bbox 1106 2996 1261 3070; x_wconf 87' lang='lat' dir='ltr'>universi,</span> <span class='ocrx_word' id='word_1_73' title='bbox 1286 3014 1404 3078; x_wconf 91' lang='lat' dir='ltr'>nempe</span> 
     </span>
     <span class='ocr_line' id='line_1_12' title="bbox 229 3100 1405 3188; baseline 0 -22"><span class='ocrx_word' id='word_1_74' title='bbox 229 3102 398 3188; x_wconf 93' lang='lat' dir='ltr'>quomodo</span> <span class='ocrx_word' id='word_1_75' title='bbox 426 3102 571 3165; x_wconf 88' lang='lat' dir='ltr'>mundus</span> <span class='ocrx_word' id='word_1_76' title='bbox 597 3101 753 3185; x_wconf 85' lang='lat' dir='ltr'>dirigatur</span> <span class='ocrx_word' id='word_1_77' title='bbox 778 3115 808 3165; x_wconf 94' lang='lat' dir='ltr'>et</span> <span class='ocrx_word' id='word_1_78' title='bbox 832 3102 1038 3185; x_wconf 87' lang='lat' dir='ltr'>gubernetur,</span> <span class='ocrx_word' id='word_1_79' title='bbox 1067 3103 1142 3167; x_wconf 94' lang='lat' dir='ltr'>dein</span> <span class='ocrx_word' id='word_1_80' title='bbox 1170 3100 1266 3166; x_wconf 87' lang='lat' dir='ltr'>solvit</span> <span class='ocrx_word' id='word_1_81' title='bbox 1291 3121 1405 3185; x_wconf 89' lang='lat' dir='ltr'>quaes-</span> 
     </span>
     <span class='ocr_line' id='line_1_13' title="bbox 229 3209 1139 3294; baseline 0.003 -23"><span class='ocrx_word' id='word_1_82' title='bbox 229 3210 353 3273; x_wconf 90' lang='lat' dir='ltr'>tionem</span> <span class='ocrx_word' id='word_1_83' title='bbox 374 3209 482 3292; x_wconf 94' lang='lat' dir='ltr'>quoad</span> <span class='ocrx_word' id='word_1_84' title='bbox 503 3209 686 3286; x_wconf 88' lang='lat' dir='ltr'>hominem,</span> <span class='ocrx_word' id='word_1_85' title='bbox 703 3211 759 3293; x_wconf 93' lang='lat' dir='ltr'>qui</span> <span class='ocrx_word' id='word_1_86' title='bbox 780 3230 899 3294; x_wconf 89' lang='lat' dir='ltr'>parvus</span> <span class='ocrx_word' id='word_1_87' title='bbox 919 3210 1065 3274; x_wconf 91' lang='lat' dir='ltr'>mundus</span> <span class='ocrx_word' id='word_1_88' title='bbox 1084 3222 1139 3275; x_wconf 91' lang='lat' dir='ltr'>est.</span> 
     </span>
    </p>

    <p class='ocr_par' dir='ltr' id='par_1_8' title="bbox 227 3315 1406 4257">
     <span class='ocr_line' id='line_1_14' title="bbox 311 3315 1402 3401; baseline 0.002 -22"><span class='ocrx_word' id='word_1_89' title='bbox 311 3316 460 3379; x_wconf 88' lang='lat' dir='ltr'>Mundus</span> <span class='ocrx_word' id='word_1_90' title='bbox 495 3315 694 3399; x_wconf 90' lang='lat' dir='ltr'>gubernatur</span> <span class='ocrx_word' id='word_1_91' title='bbox 733 3317 916 3392; x_wconf 83' lang='lat' dir='ltr'>intellectu3</span> <span class='ocrx_word' id='word_1_92' title='bbox 953 3317 994 3381; x_wconf 95' lang='lat' dir='ltr'>ad</span> <span class='ocrx_word' id='word_1_93' title='bbox 1033 3318 1122 3401; x_wconf 92' lang='lat' dir='ltr'>quod</span> <span class='ocrx_word' id='word_1_94' title='bbox 1162 3318 1402 3383; x_wconf 92' lang='lat' dir='ltr'>ostendendum</span> 
     </span>
     <span class='ocr_line' id='line_1_15' title="bbox 232 3422 1402 3512; baseline 0.003 -26"><span class='ocrx_word' id='word_1_95' title='bbox 232 3422 322 3487; x_wconf 90' lang='lat' dir='ltr'>Plato</span> <span class='ocrx_word' id='word_1_96' title='bbox 353 3423 517 3505; x_wconf 88' lang='lat' dir='ltr'>imprimis</span> <span class='ocrx_word' id='word_1_97' title='bbox 544 3424 740 3488; x_wconf 88' lang='lat' dir='ltr'>testimoniis</span> <span class='ocrx_word' id='word_1_98' title='bbox 763 3423 904 3488; x_wconf 88' lang='lat' dir='ltr'>aliorum</span> <span class='ocrx_word' id='word_1_99' title='bbox 932 3427 1032 3489; x_wconf 93' lang='lat' dir='ltr'>utitur</span> <span class='ocrx_word' id='word_1_100' title='bbox 1053 3428 1060 3462; x_wconf 82' lang='lat'><strong>¹</strong></span> <span class='ocrx_word' id='word_1_101' title='bbox 1086 3451 1093 3490; x_wconf 89' lang='lat'>:</span> <span class='ocrx_word' id='word_1_102' title='bbox 1115 3430 1258 3503; x_wconf 73' lang='grc' dir='ltr'>Πάντες,</span> <span class='ocrx_word' id='word_1_103' title='bbox 1284 3428 1402 3512; x_wconf 90' lang='lat' dir='ltr'>inquit,</span> 
     </span>
     <span class='ocr_line' id='line_1_16' title="bbox 231 3533 1405 3617; baseline 0.002 -23"><span class='ocrx_word' id='word_1_104' title='bbox 231 3543 428 3616; x_wconf 70' lang='grc' dir='ltr'>συμφρωνοῦσιν</span> <span class='ocrx_word' id='word_1_105' title='bbox 447 3539 470 3593; x_wconf 89' lang='lat' dir='ltr'>oi</span> <span class='ocrx_word' id='word_1_106' title='bbox 491 3539 639 3616; x_wconf 79' lang='grc' dir='ltr'>σοφοί,...</span> <span class='ocrx_word' id='word_1_107' title='bbox 657 3535 693 3602; x_wconf 84' lang='grc' dir='ltr'>ὡς</span> <span class='ocrx_word' id='word_1_108' title='bbox 711 3543 771 3602; x_wconf 82' lang='grc' dir='ltr'>νοῦς</span> <span class='ocrx_word' id='word_1_109' title='bbox 792 3533 848 3594; x_wconf 75' lang='grc' dir='ltr'>ἐστὶ</span> <span class='ocrx_word' id='word_1_110' title='bbox 868 3535 991 3616; x_wconf 76' lang='grc' dir='ltr'>βασιλεὺς</span> <span class='ocrx_word' id='word_1_111' title='bbox 1008 3537 1075 3615; x_wconf 81' lang='grc' dir='ltr'>ἡμῖν</span> <span class='ocrx_word' id='word_1_112' title='bbox 1096 3535 1205 3617; x_wconf 83' lang='grc' dir='ltr'>οὐρανοῦ</span> <span class='ocrx_word' id='word_1_113' title='bbox 1224 3534 1268 3596; x_wconf 81' lang='grc' dir='ltr'>καὶ</span> <span class='ocrx_word' id='word_1_114' title='bbox 1287 3543 1349 3615; x_wconf 69' lang='grc' dir='ltr'><strong>γῆς.</strong></span> <span class='ocrx_word' id='word_1_115' title='bbox 1365 3571 1405 3580; x_wconf 92' lang='lat'>-</span> 
     </span>
     <span class='ocr_line' id='line_1_17' title="bbox 232 3637 1405 3724; baseline 0.001 -23"><span class='ocrx_word' id='word_1_116' title='bbox 232 3638 276 3701; x_wconf 91' lang='lat' dir='ltr'>Ut</span> <span class='ocrx_word' id='word_1_117' title='bbox 302 3637 380 3701; x_wconf 93' lang='lat' dir='ltr'>haec</span> <span class='ocrx_word' id='word_1_118' title='bbox 407 3637 532 3720; x_wconf 92' lang='lat' dir='ltr'>opinio,</span> <span class='ocrx_word' id='word_1_119' title='bbox 559 3637 723 3700; x_wconf 92' lang='lat' dir='ltr'>mundum</span> <span class='ocrx_word' id='word_1_120' title='bbox 753 3657 870 3720; x_wconf 90' lang='lat' dir='ltr'>nempe</span> <span class='ocrx_word' id='word_1_121' title='bbox 902 3651 1010 3702; x_wconf 91' lang='lat' dir='ltr'>mente</span> <span class='ocrx_word' id='word_1_122' title='bbox 1037 3639 1144 3723; x_wconf 87' lang='lat' dir='ltr'>dirigi,</span> <span class='ocrx_word' id='word_1_123' title='bbox 1174 3642 1271 3705; x_wconf 91' lang='lat' dir='ltr'>etiam</span> <span class='ocrx_word' id='word_1_124' title='bbox 1303 3641 1405 3724; x_wconf 93' lang='lat' dir='ltr'>magis</span> 
     </span>
     <span class='ocr_line' id='line_1_18' title="bbox 231 3742 1403 3828; baseline 0.002 -23"><span class='ocrx_word' id='word_1_125' title='bbox 231 3743 388 3820; x_wconf 88' lang='lat' dir='ltr'>firmetur,</span> <span class='ocrx_word' id='word_1_126' title='bbox 420 3742 510 3809; x_wconf 90' lang='lat' dir='ltr'>Plato</span> <span class='ocrx_word' id='word_1_127' title='bbox 544 3743 619 3808; x_wconf 82' lang='lat' dir='ltr'>facit</span> <span class='ocrx_word' id='word_1_128' title='bbox 651 3744 814 3808; x_wconf 87' lang='lat' dir='ltr'>Socratem</span> <span class='ocrx_word' id='word_1_129' title='bbox 848 3764 999 3828; x_wconf 91' lang='lat' dir='ltr'>quaerere</span> <span class='ocrx_word' id='word_1_130' title='bbox 1033 3746 1257 3821; x_wconf 88' lang='lat' dir='ltr'>Protarchum,</span> <span class='ocrx_word' id='word_1_131' title='bbox 1294 3758 1403 3808; x_wconf 90' lang='lat' dir='ltr'>utrum</span> 
     </span>
     <span class='ocr_line' id='line_1_19' title="bbox 232 3849 1406 3936; baseline 0.003 -26"><span class='ocrx_word' id='word_1_132' title='bbox 232 3849 410 3913; x_wconf 92' lang='lat' dir='ltr'>irrationali</span> <span class='ocrx_word' id='word_1_133' title='bbox 425 3850 568 3933; x_wconf 89' lang='lat' dir='ltr'>quadam</span> <span class='ocrx_word' id='word_1_134' title='bbox 584 3852 752 3915; x_wconf 89' lang='lat' dir='ltr'>temeraria</span> <span class='ocrx_word' id='word_1_135' title='bbox 771 3864 801 3916; x_wconf 88' lang='lat' dir='ltr'>et</span> <span class='ocrx_word' id='word_1_136' title='bbox 819 3851 948 3916; x_wconf 89' lang='lat' dir='ltr'>fortuita</span> <span class='ocrx_word' id='word_1_137' title='bbox 967 3866 1131 3936; x_wconf 88' lang='lat' dir='ltr'>potestate,</span> <span class='ocrx_word' id='word_1_138' title='bbox 1148 3873 1203 3929; x_wconf 92' lang='lat' dir='ltr'>an,</span> <span class='ocrx_word' id='word_1_139' title='bbox 1220 3866 1256 3916; x_wconf 96' lang='lat' dir='ltr'>ut</span> <span class='ocrx_word' id='word_1_140' title='bbox 1273 3852 1406 3936; x_wconf 85' lang='lat' dir='ltr'>antiqui</span> 
     </span>
     <span class='ocr_line' id='line_1_20' title="bbox 227 3957 1405 4042; baseline 0.003 -23"><span class='ocrx_word' id='word_1_141' title='bbox 227 3957 402 4039; x_wconf 84' lang='lat' dir='ltr'>putabant,</span> <span class='ocrx_word' id='word_1_142' title='bbox 416 3957 531 4022; x_wconf 92' lang='lat' dir='ltr'>ordine</span> <span class='ocrx_word' id='word_1_143' title='bbox 547 3959 691 4042; x_wconf 91' lang='lat' dir='ltr'>quodam</span> <span class='ocrx_word' id='word_1_144' title='bbox 708 3961 826 4023; x_wconf 90' lang='lat' dir='ltr'>mentis</span> <span class='ocrx_word' id='word_1_145' title='bbox 845 3972 876 4024; x_wconf 88' lang='lat' dir='ltr'>et</span> <span class='ocrx_word' id='word_1_146' title='bbox 888 3962 1063 4042; x_wconf 88' lang='lat' dir='ltr'>sapientiae</span> <span class='ocrx_word' id='word_1_147' title='bbox 1079 3959 1238 4025; x_wconf 90' lang='lat' dir='ltr'>mirabilis</span> <span class='ocrx_word' id='word_1_148' title='bbox 1259 3959 1405 4023; x_wconf 93' lang='lat' dir='ltr'>mundus</span> 
     </span>
     <span class='ocr_line' id='line_1_21' title="bbox 231 4062 1402 4151; baseline 0.003 -25"><span class='ocrx_word' id='word_1_149' title='bbox 231 4062 414 4147; x_wconf 83' lang='lat' dir='ltr'>dirigatur?</span> <span class='ocrx_word' id='word_1_150' title='bbox 434 4063 520 4129; x_wconf 94' lang='lat' dir='ltr'>Cum</span> <span class='ocrx_word' id='word_1_151' title='bbox 541 4065 670 4129; x_wconf 89' lang='lat' dir='ltr'>tertium</span> <span class='ocrx_word' id='word_1_152' title='bbox 691 4085 759 4129; x_wconf 93' lang='lat' dir='ltr'>non</span> <span class='ocrx_word' id='word_1_153' title='bbox 779 4064 882 4142; x_wconf 88' lang='lat' dir='ltr'>detur,</span> <span class='ocrx_word' id='word_1_154' title='bbox 905 4067 1098 4131; x_wconf 89' lang='lat' dir='ltr'>Protarchus</span> <span class='ocrx_word' id='word_1_155' title='bbox 1118 4068 1160 4131; x_wconf 87' lang='lat' dir='ltr'>ita</span> <span class='ocrx_word' id='word_1_156' title='bbox 1180 4066 1352 4151; x_wconf 90' lang='lat' dir='ltr'>respondet</span> <span class='ocrx_word' id='word_1_157' title='bbox 1367 4070 1402 4130; x_wconf 80' lang='lat'>⁸:</span> 
     </span>
     <span class='ocr_line' id='line_1_22' title="bbox 231 4169 1403 4257; baseline 0.005 -29"><span class='ocrx_word' id='word_1_158' title='bbox 231 4191 251 4229; x_wconf 90' lang='lat'>&lt;‹</span> <span class='ocrx_word' id='word_1_159' title='bbox 267 4169 369 4234; x_wconf 88' lang='lat' dir='ltr'>Fateri</span> <span class='ocrx_word' id='word_1_160' title='bbox 384 4184 493 4236; x_wconf 89' lang='lat' dir='ltr'>autem</span> <span class='ocrx_word' id='word_1_161' title='bbox 511 4184 618 4237; x_wconf 90' lang='lat' dir='ltr'>mente</span> <span class='ocrx_word' id='word_1_162' title='bbox 632 4174 747 4237; x_wconf 92' lang='lat' dir='ltr'>omnia</span> <span class='ocrx_word' id='word_1_163' title='bbox 767 4172 844 4236; x_wconf 92' lang='lat' dir='ltr'>haec</span> <span class='ocrx_word' id='word_1_164' title='bbox 863 4173 1047 4256; x_wconf 91' lang='lat' dir='ltr'>gubernari,</span> <span class='ocrx_word' id='word_1_165' title='bbox 1064 4188 1094 4239; x_wconf 90' lang='lat' dir='ltr'>et</span> <span class='ocrx_word' id='word_1_166' title='bbox 1113 4175 1265 4257; x_wconf 93' lang='lat' dir='ltr'>adspectu</span> <span class='ocrx_word' id='word_1_167' title='bbox 1287 4173 1403 4237; x_wconf 93' lang='lat' dir='ltr'>mundi</span> 
     </span>
    </p>
   </div>
   <div class='ocr_carea' id='block_1_7' title="bbox 295 4429 507 4568">
    <p class='ocr_par' dir='ltr' id='par_1_9' title="bbox 295 4429 507 4568">
     <span class='ocr_line' id='line_1_23' title="bbox 295 4429 507 4490; baseline 0.038 -12"><span class='ocrx_word' id='word_1_168' title='bbox 295 4443 316 4480; x_wconf 91' lang='lat'>1.</span> <span class='ocrx_word' id='word_1_169' title='bbox 333 4429 412 4490; x_wconf 71' lang='lat' dir='ltr'>Phil,</span> <span class='ocrx_word' id='word_1_170' title='bbox 429 4431 459 4482; x_wconf 83' lang='lat'>28</span> <span class='ocrx_word' id='word_1_171' title='bbox 476 4434 507 4486; x_wconf 60' lang='lat' dir='ltr'>Ca</span> 
     </span>
     <span class='ocr_line' id='line_1_24' title="bbox 296 4507 487 4568; baseline 0.016 -10"><span class='ocrx_word' id='word_1_172' title='bbox 296 4522 320 4559; x_wconf 83' lang='lat'>2.</span> <span class='ocrx_word' id='word_1_173' title='bbox 336 4507 385 4568; x_wconf 68' lang='lat' dir='ltr'>ld,</span> <span class='ocrx_word' id='word_1_174' title='bbox 406 4508 439 4560; x_wconf 85' lang='lat'>28</span> <span class='ocrx_word' id='word_1_175' title='bbox 455 4511 487 4561; x_wconf 86' lang='lat' dir='ltr'>E.</span> 
     </span>
    </p>
   </div>
   <div class='ocr_carea' id='block_1_8' title="bbox 0 0 1644 5536">
    <p class='ocr_par' dir='ltr' id='par_1_10' title="bbox 0 0 1644 5536">
     <span class='ocr_line' id='line_1_25' title="bbox 0 0 1644 5536; baseline 0 0"><span class='ocrx_word' id='word_1_176' title='bbox 0 0 1644 5536; x_wconf 95' lang='lat' dir='ltr'> </span> 
     </span>
    </p>
   </div>
  </div>
 </body>
</html>
