3278 5536
656 625 855 687 „51-

171 783 244 847 Non
260 797 306 847 est
323 797 434 848 tamen
454 785 637 867 putandum
660 799 803 850 nostram
820 786 1053 868 expositionem
1074 803 1141 846 esse
1155 783 1339 847 ordinatam

172 891 258 953 iuxta
281 891 507 956 aristotelicam
532 895 701 969 criticam;
727 894 783 958 sed
807 905 978 977 postquam
1003 891 1043 954 de
1069 890 1128 953 hac
1152 893 1341 972 quaestione

171 1016 208 1059 ex
240 999 366 1081 scriptis
399 997 543 1062 Platonis
573 1003 741 1064 notionem
772 1001 923 1075 formavi,
953 999 1097 1080 quaesivi
1128 999 1161 1058 in
1190 996 1342 1079 operibus

171 1102 349 1167 Aristotelis
370 1106 513 1168 criticam
539 1126 752 1170 communem
776 1119 806 1170 et
829 1104 999 1189 specialem
1024 1104 1133 1186 quoad
1158 1104 1254 1167 hosce
1275 1103 1343 1166 dia·

173 1207 270 1292 logos.
292 1209 411 1274 Critica
430 1213 610 1277 Aristotelis
629 1227 675 1278 est
696 1212 876 1296 multiplerr,
898 1226 933 1275 ut
952 1211 1107 1287 diximus,
1131 1211 1202 1273 ideo
1221 1211 1261 1274 de
1283 1211 1343 1274 hac

173 1334 253 1397 opus
271 1317 330 1380 erit
351 1318 491 1383 multum
512 1320 617 1384 dicere
632 1334 662 1384 et
680 1321 764 1384 bene
778 1320 929 1384 ordinare
944 1333 980 1382 ut
997 1318 1052 1382 tali
1069 1318 1119 1381 vel
1139 1317 1194 1381 tali
1215 1317 1344 1402 dialogo

173 1423 437 1506 correspondeat;
465 1428 490 1489 si
523 1427 601 1491 haec
626 1429 735 1491 critica
761 1426 842 1491 falso
872 1425 1111 1509 intelligeretur,
1137 1437 1345 1507 sequerentur

175 1529 267 1593 multi
300 1552 431 1597 errores.
462 1535 578 1598 Nostra
613 1555 680 1598 non
715 1537 845 1600 interest
877 1534 1049 1599 defendere
1075 1532 1125 1596 vel
1162 1532 1345 1615 improbare

174 1637 389 1715 Aristotelem,
410 1638 465 1703 sed
491 1640 681 1723 simpliciter
706 1660 864 1723 exponere
888 1641 957 1703 eius
983 1640 1157 1721 opiniones
1185 1639 1225 1702 de
1247 1658 1344 1702 causa

175 1743 263 1807 finali
285 1744 441 1810 Platonis.

252 1854 437 1919 Aristoteles
466 1856 508 1918 ita
543 1857 576 1917 in
606 1855 801 1939 inquirenda
829 1854 1109 1938 praedecessorum
1138 1851 1345 1937 philosophia

174 1960 379 2041 procedebat,
410 1975 445 2024 ut
479 1982 552 2025 vera
586 1961 729 2044 seligeret
762 1974 792 2025 et
824 1982 907 2044 quae
941 1961 1002 2024 sibi
1037 1961 1118 2024 falsa
1152 1959 1346 2022 videbantur

174 2068 365 2149 reprobaret.
391 2069 593 2152 Quapropter
617 2080 647 2131 et
674 2087 734 2131 nos
759 2068 926 2131 ostendere
953 2067 1168 2142 studebimus,
1194 2066 1236 2129 ob
1262 2084 1346 2147 quae

173 2188 202 2237 et
224 2194 282 2238 cur
303 2176 472 2240 Platonem
496 2177 655 2259 improbet
679 2175 742 2250 ille,
766 2189 795 2238 et
817 2196 901 2258 quae
926 2190 960 2238 ut
980 2196 1054 2239 vera
1078 2196 1116 2238 err
1137 2195 1175 2237 eo
1197 2174 1342 2255 accipiat,

172 2284 326 2364 quamvis
346 2283 429 2346 nihil
449 2284 489 2347 de
509 2285 568 2347 hac
588 2304 620 2346 re
639 2283 734 2346 dicat.
