3278 5536
728 578 950 646 *[32-

248 743 371 807 tionem
399 741 529 807 alterius
556 756 592 806 ut
619 745 718 825 partis
744 744 786 807 ad
812 743 950 808 alterum
977 756 1013 807 ut
1037 756 1142 807 totum
1169 745 1312 811 extendit
1336 747 1427 814 Plato

247 850 288 913 ad
318 850 616 914 considerationem
646 852 747 915 totius
776 853 919 914 universi
950 851 1009 914 hac
1038 850 1126 914 brevi
1156 854 1389 935 expressione¹
1417 882 1423 920 :

247 961 318 1038 λέγει
343 959 408 1019 tea
429 960 460 1019 τὸ
484 960 532 1039 μὲν
558 957 636 1020 ἕνεκά
656 984 703 1021 του
728 967 782 1019 τῶν
804 962 888 1020 ὄντων
912 961 965 1021 ’ἐστ’
992 957 1044 1035 ἀεὶ,
1069 961 1100 1020 τὸ
1123 959 1177 1020 δὀὗ
1201 961 1279 1044 χάριν
1300 963 1426 1025 &timore

247 1071 278 1126 τό
300 1091 371 1133 τινος
395 1066 473 1126 ’ἑνεκα
496 1071 651 1146 γιγνόμενον
677 1064 717 1126 ἀεὶ
743 1072 873 1146 γίγνεται.
899 1101 940 1110 -
966 1062 1056 1128 Plato
1080 1064 1141 1127 hac
1167 1064 1256 1129 brevi
1284 1066 1425 1132 formula

245 1172 388 1235 ostendit
412 1191 462 1235 res
495 1173 529 1233 in
558 1173 713 1235 universo
744 1191 811 1233 non
842 1191 909 1235 esse
943 1173 985 1235 ita
1012 1184 1187 1255 separatas,
1219 1185 1255 1236 ut
1281 1193 1348 1237 una
1376 1195 1425 1238 res

246 1278 372 1342 nullam
395 1279 553 1343 rationem
576 1299 652 1342 cum
676 1278 777 1343 altera
800 1278 927 1354 habeat,
950 1281 1055 1342 immo
1075 1292 1110 1342 ut
1131 1282 1330 1343 contrarium
1354 1283 1421 1346 sit:

245 1407 293 1449 res
315 1407 348 1451 se
369 1387 492 1450 habent
511 1387 553 1450 ad
578 1388 719 1450 invicem
746 1388 829 1449 sicut
858 1384 965 1450 media
989 1386 1030 1449 ad
1053 1386 1135 1450 fines
1160 1398 1191 1451 et
1215 1387 1298 1450 sicut
1320 1400 1424 1469 partes

245 1493 286 1556 ad
305 1506 421 1557 totum.
1495 1476 1498 1482 Ι

323 1601 398 1681 Quo
414 1613 531 1665 statuto
550 1600 640 1664 Plato
661 1602 819 1684 supponit
840 1602 956 1664 iterum
975 1600 1065 1663 duo:
1084 1619 1190 1663 unum
1212 1613 1247 1663 ut
1267 1603 1421 1665 omnium

241 1709 481 1790 generationem
503 1708 571 1788 (Ἕν
591 1713 639 1786 μέν
659 1733 685 1768 τι
710 1713 809 1788 γένεσιν
827 1708 949 1788 πάντων)
966 1709 977 1744 ¹
998 1719 1028 1770 et
1052 1706 1189 1770 alterum
1213 1718 1248 1769 ut
1266 1708 1420 1770 omnium

243 1815 457 1877 substantiam
482 1813 546 1895 (τὴν
567 1819 684 1876 δὀυσίαν
711 1813 798 1896 ἕτερον
822 1814 873 1896 ἓν).
897 1815 1070 1895 Quaeritur
1095 1813 1202 1897 qualis
1232 1815 1316 1877 inter
1344 1814 1422 1878 haec

242 1921 308 1985 duo
328 1923 368 1983 sit
383 1920 608 1984 subordinatio
625 1945 631 1984 :
650 1932 763 1983 utrum
787 1920 907 1984 scilicet
924 1921 1088 2003 generatio
1107 1920 1307 1984 substantiae
1321 1921 1421 2004 gratia

241 2047 283 2090 an
300 2026 480 2090 substantia
495 2028 715 2110 generationis
736 2028 836 2109 gratia
860 2028 900 2090 sit
917 2027 959 2089 ³?

323 2135 367 2197 Ut
393 2133 512 2197 clarius
540 2135 690 2198 ostendat
718 2135 958 2218 generationem
986 2154 1053 2198 esse
1079 2134 1279 2198 substantiae
1306 2135 1418 2216 gratia,

241 2240 331 2304 Plato
359 2241 460 2303 utitur
484 2241 632 2324 exemplo
659 2263 697 2306 ex
722 2255 788 2306 arte
815 2253 960 2324 sump10‚
985 2243 1174 2326 quaeritque
1195 2242 1206 2276 ‘¹
1231 2265 1238 2304 :
1260 2241 1418 2304 «Utrum

240 2347 408 2411 fabricatio
432 2349 567 2411 navium
594 2350 716 2432 navigii
740 2350 841 2432 gratia
863 2349 916 2423 sit,
933 2367 975 2411 an
995 2360 1107 2412 contra
1131 2348 1300 2431 navigium
1323 2346 1420 2411 labri-

239 2456 378 2518 cationis
398 2456 563 2519 navium?
577 2479 597 2516 ›>
616 2454 760 2520 -Cum
784 2455 849 2518 iam
866 2474 905 2518 ex
924 2454 984 2518 hac
1003 2455 1247 2538 comparatione
1266 2467 1419 2537 sequatur

238 2564 478 2646 generationem
503 2582 572 2626 esse
594 2562 794 2625 substantiae
815 2561 927 2644 gratia,
952 2559 1042 2623 Plato
1067 2559 1204 2624 breviter
1225 2572 1256 2624 et
1276 2562 1418 2645 praecise

238 2668 422 2752 dicitquod
443 2669 611 2750 sequitur:
633 2668 749 2731 «Dico
770 2669 867 2750 igitur
883 2668 1102 2749 generationis
1120 2668 1220 2751 gratia
1240 2667 1416 2751 pharmaca

237 2788 268 2839 et
285 2794 406 2858 organa
426 2775 540 2838 omnia
561 2792 762 2856 omnemque
784 2773 954 2836 materiam
976 2773 1032 2854 (καὶ
1051 2783 1139 2835 πᾶσαν
1156 2775 1237 2856 ὕλην)
1258 2774 1416 2838 omnibus

236 2881 395 2956 adhiberi,
421 2880 566 2964 singulas
587 2892 696 2944 autem
720 2881 945 2963 generationes
969 2879 1173 2964 singularum
1199 2883 1413 2947 essentiarum

236 2988 337 3070 (οὐσία)
359 2988 460 3071 gratia
485 3007 564 3063 esse,
591 2988 777 3050 universam
810 2987 952 3068 denique
977 2989 1219 3070 generationem
1245 2990 1415 3054 universae

235 3096 391 3159 essentiae
409 3095 520 3177 gratia.
536 3117 556 3154 »
572 3093 642 3157 Hoc
661 3106 747 3156 textu
767 3113 899 3157 summa
917 3092 1124 3176 teleologicae
1143 3095 1415 3160 considerationis

301 3307 321 3341 r.
338 3291 388 3352 ld.,
408 3289 437 3341 53
457 3291 490 3340 E.
507 3318 539 3328 -
552 3290 711 3341 Aristoteles
736 3291 773 3341 ita
792 3290 888 3342 dicit:
915 3306 930 3339 α
954 3291 1021 3341 Rem
1046 3300 1137 3341 autem
1162 3291 1233 3342 hanc
1255 3305 1316 3342 esse
1339 3290 1413 3344 illius

233 3372 319 3439 gratia
333 3385 451 3421 asserere
467 3371 569 3435 ubique
584 3370 715 3429 solemus,
727 3370 839 3437 quoties
854 3371 936 3421 finem
955 3370 1135 3436 perspicimus
1151 3370 1271 3437 aliquem
1287 3371 1315 3421 in
1330 3386 1413 3438 quem

234 3462 335 3512 motus,
350 3451 371 3502 si
388 3451 464 3501 nulla
478 3465 521 3501 res
539 3450 674 3515 prohibet,
692 3451 790 3502 tendit.
806 3451 846 3501 »1
868 3451 907 3501 De
922 3460 990 3516 part.
1006 3450 1100 3511 anim,
1118 3466 1135 3510 r,
1150 3465 1205 3510 222,
1222 3466 1247 3501 v.
1267 3451 1295 3502 13
1313 3467 1335 3503 s.

296 3548 320 3582 2.
335 3531 413 3592 Phil,
430 3532 461 3598 54
475 3533 510 3580 A.

299 3613 323 3664 3.
348 3613 431 3663 idem.
456 3611 531 3662 Soet.
554 3629 561 3660 z
581 3605 676 3676 πότερον
694 3601 732 3657 οὖν
749 3607 838 3657 τούτων
856 3606 923 3656 ivam
945 3605 1049 3676 adrepet,
1068 3605 1111 3661 τὴν
1133 3606 1220 3676 qimau
1242 3604 1325 3664 οὐσίας
1346 3607 1413 3659 ittae

233 3695 313 3757 φῶμιν
335 3687 351 3744 il
375 3687 418 3742 riv
439 3685 518 3738 οὐσίαν
541 3677 598 3736 river
620 3687 728 3757 γενέσεως
751 3687 835 3748 iram
858 3691 973 3742 ulterius
995 3692 1108 3742 resolvit
1125 3691 1330 3758 generationem
1351 3706 1412 3745 esse

233 3772 400 3825 substantiae
414 3773 510 3838 gratia.

294 3853 454 3906 Aristoteles
472 3854 542 3902 hane
563 3851 750 3917 teleologicam
771 3851 892 3902 Platonis
910 3851 1115 3917 expressionem
1135 3851 1243 3918 repetit,
1258 3851 1326 3917 quin
1348 3852 1411 3916 Pla,-

233 3935 305 3986 tonis
320 3933 487 3984 mentionem
501 3931 588 3982 saciat.
604 3930 731 3997 Stagirita
743 3930 779 3981 ita
794 3932 878 3982 dicit:
894 3927 910 3982 ἡ
924 3925 970 3995 γὰρ
988 3927 1074 3997 γένεσις
1092 3928 1160 3977 ἕνεκα
1178 3929 1221 3983 τῆς
1239 3924 1319 3983 οὐσίας
1339 3925 1411 3991 ἐστίν,

232 4010 330 4077 ἀλλὀὺχ
342 4010 359 4064 ri
372 4009 440 4060 odoia
454 4010 519 4059 ἕνεκα
530 4010 574 4063 τῆς
586 4007 702 4076 γενέσεως·
719 4013 729 4062 l
745 4012 783 4062 De
799 4021 866 4076 part.
884 4011 977 4072 anim,
993 4028 1011 4072 ι,
1029 4026 1055 4077 p.
1071 4026 1126 4076 219,
1141 4027 1168 4061 v.
1185 4011 1231 4073 51;
1248 4010 1374 4062 similiter
1387 4012 1409 4063 V

233 4098 270 4147 De
286 4096 369 4147 anim.
384 4109 485 4161 gener„
501 4110 519 4155 1,
535 4108 561 4158 p.
576 4107 632 4159 414,
648 4108 673 4143 v.
692 4092 731 4158 37.
748 4093 777 4143 ld
798 4092 975 4143 solummodo
995 4091 1141 4143 discrimen
1164 4092 1234 4142 inter
1259 4101 1409 4158 utrumque

231 4175 381 4235 intercedit,
400 4173 475 4240 quod
494 4171 654 4222 Aristoteles
673 4172 743 4223 bane
764 4173 904 4223 notionem
924 4172 1137 4238 (generationem
1158 4185 1218 4222 esse
1239 4171 1408 4222 substantiae

229 4255 323 4319 gratia)
337 4255 371 4305 ad
388 4251 589 4320 generationem
607 4251 765 4303 animalium
781 4252 909 4318 applicet,
926 4253 1002 4304 Plato
1022 4267 1096 4314 vero,
1112 4262 1144 4304 ut
1160 4251 1230 4302 inira
1245 4250 1357 4316 patebit,
1373 4251 1407 4302 ad

229 4334 431 4397 generationem
452 4329 571 4382 universi
591 4329 718 4395 applicet,
740 4329 805 4395 quia
828 4330 959 4397 supponit
980 4342 1070 4384 totum
1093 4331 1229 4383 mundum
1249 4343 1309 4381 esse
1328 4344 1408 4395 gene·

230 4423 329 4463 salum.

293 4507 316 4557 4.
334 4493 412 4552 emt,
427 4493 502 4558 5413.
