3278 5536
706 694 925 738 ..100-

229 833 384 915 corrigere
407 831 500 895 debet
523 833 676 896 circuitus
700 836 813 916 capitis
838 837 887 898 sui
915 836 949 896 in
973 835 1078 917 prima
1101 837 1306 918 generatione
1332 838 1398 920 jam

229 951 407 1021 corruptos,
432 951 467 1002 ut
489 939 544 1001 tali
570 939 670 1003 modo
693 942 860 1024 attingeret
883 941 983 1004 finem
1010 941 1107 1022 (τέλος,
1128 962 1168 1024 90
1191 944 1233 1025 D)
1257 944 1401 1025 optimae

229 1047 313 1109 vitae
333 1046 394 1108 sibi
415 1066 433 1108 a
452 1046 516 1109 diis
534 1048 736 1128 propositum
757 1050 915 1129 praesenti
935 1060 965 1111 et
984 1048 1092 1111 futuro
1111 1061 1266 1131 tempore.

657 1299 714 1355 De
738 1299 966 1356 animalibus.

312 1474 402 1539 Plato
424 1475 566 1539 admittit
587 1478 894 1560 metempsychosim
916 1479 1103 1540 animarum
1125 1489 1155 1540 et
1173 1477 1402 1544 descendendo

230 1579 271 1644 ab
297 1581 434 1646 homine
458 1582 595 1665 explicat
621 1584 862 1666 generationem
888 1597 1066 1649 ceterorum
1095 1583 1292 1648 animalium
1316 1589 1338 1649 ¹.
1363 1623 1404 1633 -

229 1688 351 1753 Natura
373 1690 434 1753 viri
455 1701 502 1752 est
522 1690 753 1771 praestantior3
777 1692 882 1772 prima
903 1691 1066 1775 generatio
1087 1704 1135 1755 est
1155 1691 1313 1756 omnibus
1334 1713 1402 1758 una

230 1809 260 1860 et
280 1815 396 1861 omnes
417 1797 502 1861 fiunt
521 1798 594 1860 viri.
620 1796 676 1861 llle
697 1799 754 1880 qui
777 1798 975 1862 curriculum
998 1800 1082 1862 vitae
1105 1819 1124 1863 a
1149 1811 1263 1862 natura
1288 1800 1402 1864 datum

231 1917 312 1968 recte
339 1904 485 1981 conficit,
516 1905 682 1967 revertitur
713 1904 754 1968 ad
784 1903 865 1968 illud
897 1917 1020 1968 astrum
1054 1905 1105 1968 cui
1135 1906 1404 1970 accommodatus

232 2011 334 2075 fuerat
355 2011 396 2075 ad
420 2012 546 2075 beatam
571 2013 671 2074 vitam
694 2012 866 2094 agendam.
889 2012 1010 2076 Contra
1034 2031 1121 2088 vem,
1143 2013 1199 2095 qui
1227 2031 1294 2074 non
1322 2024 1405 2076 recte

232 2137 264 2181 se
284 2119 380 2201 gessit
402 2120 435 2180 in
457 2119 562 2200 priore
576 2119 652 2194 vita,
670 2119 838 2181 revertitur
859 2119 892 2180 in
914 2117 1057 2181 secundo
1076 2130 1148 2181 ortu
1168 2138 1245 2181 sexu
1265 2130 1402 2195 mutam,

231 2239 261 2290 et
288 2227 345 2309 qui
379 2246 419 2289 ne
451 2238 530 2288 tunc
562 2224 695 2308 quidem
730 2224 830 2291 finem
864 2224 1019 2306 peccandi
1054 2223 1129 2288 facit
1164 2226 1197 2286 in
1232 2226 1402 2288 brutorum

232 2345 382 2396 naturam
409 2333 550 2396 similem
576 2334 644 2396 suis
671 2333 819 2397 moribus
841 2344 1043 2414 permutatur
1059 2332 1083 2395 ².

312 2442 457 2505 Socrates
483 2440 561 2504 dicit
587 2440 758 2503 hominem
786 2439 893 2502 solum
921 2439 965 2520 (p.
993 2437 1043 2520 36)
1068 2437 1146 2502 deos
1169 2437 1283 2515 colere,
1312 2436 1404 2502 Plato

232 2560 340 2612 autem
374 2549 498 2611 ratione
533 2545 821 2629 metempsychosis
851 2545 930 2608 dicit
962 2547 1075 2608 omnia
1107 2543 1264 2607 animalia
1298 2541 1405 2608 colere

233 2658 351 2732 Deum,
390 2654 444 2718 sed
483 2653 583 2717 homo
619 2655 707 2716 iuxta
742 2671 817 2714 eum
853 2653 964 2715 ceteris
1001 2650 1202 2715 animalibus
1236 2649 1404 2733 diligentia

232 2761 396 2846 praecellit
409 2764 431 2825 ³.

312 2869 463 2934 Tandem
506 2879 634 2951 propter
675 2867 845 2931 hominem
888 2866 1017 2948 plantae
1061 2877 1209 2929 crescunt
1235 2865 1263 2940 ⁴,
1302 2877 1338 2927 ut
1375 2866 1402 2928 ei

233 2976 390 3041 alimento
425 2977 523 3052 sint;
557 2975 674 3057 pariter
707 2985 736 3037 et
771 2971 928 3035 animalia
966 2985 1042 3036 sunt
1078 2973 1254 3036 hominum
1290 2975 1402 3057 gratia,

234 3098 269 3149 ut
303 3083 509 3149 domicilium
540 3081 713 3163 praebeant
743 3081 800 3156 eis,
829 3081 886 3163 qui
924 3077 1056 3143 meliore
1086 3081 1151 3143 vita
1183 3079 1338 3162 indignos
1371 3098 1404 3142 se

233 3203 443 3276 praestarunt.

299 3436 319 3472 1.
337 3419 420 3479 Tim„
480 3434 516 3471 ss.

297 3518 320 3554 2.
345 3434 465 3553 Ulteridh
486 3500 629 3567 explicatio
657 3500 900 3566 metempsychosis
926 3500 1051 3567 sequitur
1077 3500 1104 3551 in
1126 3501 1306 3552 «Timaeo»
1327 3515 1352 3565 p.
1373 3513 1407 3566 90

238 3585 259 3635 l:
274 3597 360 3649 usque
375 3582 407 3633 ad
423 3582 514 3632 finem.
529 3609 558 3620 -
575 3580 692 3641 Phaedo‚
709 3580 743 3632 82
760 3584 782 3631 Α
801 3595 823 3631 s.

299 3664 323 3715 3.
344 3664 367 3713 Χ
389 3663 461 3728 Leg,
483 3676 530 3727 902
556 3663 587 3712 B.
607 3655 676 3707 ...zai
691 3656 865 3720 θιοσεβέστατον
878 3657 936 3708 αὐτό
947 3657 996 3707 ἐστι
1009 3656 1102 3708 πάντων
1115 3656 1177 3728 ζῴων
1191 3657 1317 3726 ἅνθρωπος.

296 3758 320 3808 4.
338 3743 420 3803 Tim..
439 3758 471 3808 77
486 3744 508 3792 A
526 3756 572 3802 ss.‚
588 3741 619 3792 80
633 3743 665 3792 E.
