992 1577
484 237 585 258 —54-

242 280 260 292 ut
269 276 296 292 ille
303 276 361 297 ajebat,
369 277 479 298 Anaxagorae,
488 276 566 297 legentem
575 277 663 297 quemdam
674 276 717 292 hanc
723 276 830 296 Anaxagorae

243 304 294 324 ipsius
305 304 408 323 sententiam,
416 303 491 319 videlicet
502 306 573 319 mentem
584 304 641 319 omnia
651 308 734 322 exornare,
744 303 830 318 omniurn-

243 335 275 351 que
283 334 349 346 eausam
359 335 394 346 esse
403 331 427 350 (ὡς
436 331 462 351 <ipa
471 333 501 348 wne
511 331 546 346 ὶιπιν
553 332 560 346 ὁ
567 331 644 350 διακοσμῶν
653 336 668 345 τι
674 330 697 345 καὶ
706 330 760 345 πάντων
767 329 815 350 αἴτιος)
825 335 828 345 :

242 357 274 373 hoc
281 357 337 378 utique
344 361 402 373 causae
411 362 468 378 genere
478 362 575 378 magnopere
585 362 622 373 sum
632 356 725 375 delectatus,
733 356 829 372 existimans

242 383 366 404 quodammodo
380 386 515 403 consentaneum,
530 387 602 400 mentem
616 388 651 399 esse
664 383 740 399 omnium
755 388 828 402 causam,

242 413 257 426 et
266 410 350 431 putabam,
362 410 375 426 si
385 410 402 426 id
412 410 433 426 ita
443 411 469 429 sit,
478 414 549 426 mentem
560 410 663 426 ordinantem
674 410 730 426 saltem
741 410 762 425 ita
772 410 830 425 omnia

242 437 300 453 ordine
309 437 395 457 disponere
405 440 420 453 et
431 437 501 458 singula,
512 437 535 453 uti
545 438 606 458 optime
616 442 633 453 se
643 437 718 453 habeant.
729 442 739 452 »
748 446 769 448 —
779 436 828 455 Nam,

242 466 365 485 argumentatur
378 463 429 483 Plato,
442 464 455 479 si
469 464 503 484 jam
516 464 533 479 in
546 463 628 480 intellectu
641 463 715 479 humanu
728 463 829 479 tendentiarn

243 491 344 509 invenimus,
354 490 411 506 omnia
422 495 471 511 quam
483 491 545 511 optime
554 490 635 509 ordinare,
647 491 668 506 ita
679 493 696 506 ut
707 495 740 506 non
752 490 830 511 dirigatur

243 517 331 537 intellectu,
345 518 373 538 qui
386 517 432 538 peius
445 517 484 538 quid
499 518 546 533 faciat
560 522 598 533 cum
612 518 663 538 possit
677 517 728 533 faeere
743 516 807 536 melius,
820 522 830 532 a

243 544 305 560 fortiori
315 544 406 560 intellectus
413 544 485 563 divinus,
494 545 522 565 qui
532 547 556 560 est
565 545 642 565 optimus,
652 544 672 560 ita
680 544 737 560 omnia
744 544 830 564 disponere

243 571 290 587 debet
302 574 349 592 prout
362 571 451 591 unicuique
464 574 488 587 est
501 571 588 591 optimum.
603 571 641 587 Ideo
656 576 714 587 norma
728 570 786 591 agendi
800 575 830 591 pro

243 597 325 614 intellectu
335 597 393 613 divino
405 602 439 613 non
450 600 474 613 est
485 597 517 613 nisi
530 597 593 613 bonurn
606 601 621 613 et
632 598 699 618 quidem
712 598 799 618 optimum.
810 606 831 609 —

244 625 279 640 Hae
285 624 426 645 argumentatione
436 624 510 640 insinuat
517 624 562 640 Plato
570 629 617 640 suam
626 624 722 640 methodum
732 623 831 645 philosopho

244 651 349 667 Clazomeno.
361 651 385 666 Ex
394 650 424 666 hac
436 651 577 672 argumentatione
588 654 659 672 apparet,
670 651 754 667 Platonem
767 655 831 666 sumere

243 681 273 693 mv
286 681 304 693 ut
315 681 370 693 veram
383 682 449 693 causam
462 680 477 693 et
488 677 535 696 velle,
549 681 567 693 ut
578 677 682 698 Anaxagoras
692 681 711 698 νῷ
723 677 764 693 fines
776 682 830 693 rerum

244 704 316 725 explicet.
327 704 376 723 Nam,
386 709 396 720 «
404 704 417 720 si
427 704 464 725 quis
474 704 523 725 igitur
532 704 576 723 velit,
587 705 609 720 ait
619 704 670 723 Plato,
681 709 747 720 causam
757 704 831 720 invenire

244 731 276 752 (τὴν
285 732 329 747 αἰτίαν
339 733 386 752 εὑρεῖν.
398 736 417 752 97
425 731 451 752 C)y
459 736 492 751 qua
503 731 568 751 singula
578 731 624 750 fiant,
636 734 665 747 aut
674 734 745 752 pereant,
753 734 781 746 aut
792 731 830 749 sint,

244 758 275 774 hoc
289 758 303 774 ei
317 763 351 774 esse
366 758 484 774 inveniendum
500 762 532 778 qua
547 758 609 773 ratione
622 758 704 778 optimum
717 758 798 778 (βέλτιστα)
811 758 832 773 sit

245 785 333 806 unicuique
350 788 378 800 aut
395 789 429 800 esse
445 787 473 800 aut
489 784 560 805 quodvis
574 785 606 805 pati
621 785 646 800 vel
663 789 713 805 agere.
727 790 736 799 »
750 794 770 796 —
784 785 803 800 Et
817 785 830 800 si

244 811 335 828 intellectus
347 816 401 832 reapse
413 811 495 827 mundum
510 811 597 830 ordinavit,
609 814 648 827 tunc
658 817 668 826 «
681 811 722 827 nihil
735 811 780 827 aliud
792 816 831 827 con-

245 838 350 854 siderandum
361 838 425 854 homini
436 841 451 854 et
460 838 480 854 de
490 843 507 854 se
517 841 532 854 et
541 838 561 854 de
571 838 643 859 reliquis,
654 838 685 854 nisi
695 838 739 859 quod
749 841 831 859 praestan-

244 865 327 881 tissimum
338 868 353 881 et
362 865 449 886 optimum.
458 869 468 880 »
477 864 499 884 (τὸ
509 865 561 886 ἄριστον
570 864 592 880 καὶ
602 865 617 880 τὸ
626 865 707 885 βέλτιστον.)

285 892 330 908 Plato
344 892 392 913 igitur
406 891 442 907 vult
454 891 571 912 quodcumque
586 891 648 907 bonurn
664 896 692 912 per
707 892 749 908 hanc
763 897 829 908 causam

244 918 325 939 explicari.

328 984 380 998 Plato
388 983 467 1001 requirit
476 983 500 997 ab
507 984 616 1001 Anaxagora
625 984 749 1002 veleoloqinam

303 1011 365 1022 rex-um
376 1007 515 1026 explicationem
526 1009 545 1022 et
556 1008 639 1026 proponit
651 1008 770 1026 quaestiones.

361 1036 407 1050 quan
415 1032 479 1049 Anax..
490 1036 523 1050 ope
532 1034 556 1050 ιιῦ,
566 1033 636 1047 solvere
646 1033 716 1047 debeat-r

284 1079 348 1095 Gaudet
357 1079 407 1098 Plato,
416 1079 460 1099 quod
470 1079 513 1099 apud
523 1079 636 1100 Anaxagoram
649 1080 728 1095 invenerit
738 1080 829 1096 doctrinam

244 1106 264 1122 de
271 1106 329 1125 causis,
338 1109 353 1122 et
360 1110 438 1126 quaerens
449 1111 502 1121 rerum
511 1105 610 1122 solutionem
621 1106 737 1127 teleologiearn,
746 1110 831 1127 sequentes

243 1130 348 1153 Anaxagorae
362 1133 383 1148 ad
398 1132 494 1148 solvendum
512 1134 616 1154 quaestiones
630 1134 706 1154 proponit
718 1134 723 1142 Δ
737 1140 740 1149 :
754 1139 775 1149 an
789 1137 830 1150 terra

244 1159 264 1175 sit
281 1159 330 1180 plana
348 1164 368 1175 an
391 1159 469 1178 rotunda,
487 1163 503 1175 et
524 1160 536 1175 si
556 1160 643 1176 rotundam
665 1160 731 1179 dixerit,
753 1160 831 1181 adjungat

277 1220 287 1229 ι,
297 1217 357 1234 1hid.‚p.
366 1221 384 1234 97
392 1218 403 1230 n
411 1224 426 1227 -
433 1217 448 1233 9⁸
455 1218 470 1230 Α.
