3278 5536
801 564 1020 625 -118-

322 725 462 790 speciem;
486 723 556 774 sicut
580 721 731 773 substantia
754 722 870 774 alicuius
892 722 989 789 speciei
1012 737 1059 789 per
1079 723 1204 774 accidens
1223 722 1247 775 ei
1264 722 1412 775 adveniens
1430 737 1498 774 con·

324 805 440 856 trahitur
454 803 487 855 ad
507 803 718 854 determinatum
729 795 847 854 ¹modum
863 803 980 863 essendi,
999 813 1029 854 ut
1048 803 1132 855 homo
1146 803 1315 855 contrahitur
1329 817 1376 870 per
1395 803 1498 864 album.

325 885 440 951 Utrique
462 883 543 949 igitur
557 883 799 934 consideraverunt
818 897 866 934 ens
886 885 938 935 sub
958 882 1113 950 particulari
1133 883 1251 949 quadam
1270 882 1499 943 consideratione,

324 967 366 1017 vel
386 966 549 1031 inquantum
565 973 606 1015 est
622 964 749 1024 nocens,
766 964 808 1014 vel
824 963 987 1030 inquantum
1003 974 1044 1015 est
1063 963 1116 1015 tale
1133 979 1199 1026 ens;
1215 973 1242 1015 et
1255 963 1295 1015 sic
1308 965 1389 1016 rebus
1403 966 1500 1016 causas

323 1055 433 1113 agentes
453 1044 629 1112 particulares
649 1042 864 1110 assignaverunt.
881 1046 914 1096 Et
931 1045 1045 1096 ulterius
1059 1044 1144 1111 aliqui
1158 1055 1301 1097 erexerunt
1316 1059 1344 1096 se
1362 1045 1397 1096 ad
1411 1043 1501 1096 consi·

323 1127 474 1178 derandum
497 1139 545 1176 ens
563 1124 726 1190 inquantum
749 1135 789 1176 est
808 1139 874 1188 ens;
890 1135 917 1176 et
935 1124 1179 1177 consideraverunt
1197 1125 1306 1176 causam
1327 1126 1426 1185 rerum,
1444 1139 1500 1176 non

324 1207 414 1259 solum
432 1205 584 1257 secundum
599 1205 674 1270 quod
695 1215 759 1256 sunt
778 1204 851 1264 haec,
868 1206 910 1256 vel
926 1205 998 1266 talia,
1014 1206 1061 1256 sed
1076 1206 1227 1257 secundum
1242 1206 1317 1271 quod
1338 1207 1402 1256 sunt
1415 1204 1499 1256 entia.

324 1289 383 1338 lloc
407 1286 489 1353 igitur
508 1286 592 1352 quod¹
607 1296 648 1336 est
672 1295 753 1336 causa
776 1299 880 1345 rerum,
904 1285 1067 1352 inquantum
1092 1292 1156 1337 sunt
1179 1285 1265 1346 entia,
1288 1295 1415 1353 opportet
1440 1300 1501 1337 esse

323 1381 432 1420 causam
455 1381 554 1426 rerum,
574 1380 628 1418 non
651 1366 741 1417 solum
763 1366 914 1418 secundum
930 1367 1005 1432 quod
1027 1376 1092 1418 sunt
1112 1366 1176 1418 talia
1195 1381 1243 1433 per
1261 1366 1362 1419 formas
1378 1366 1501 1418 acciden-

324 1449 400 1508 tales,
416 1462 465 1500 nec
489 1447 639 1499 secundum
660 1447 736 1513 quod
756 1456 820 1498 sunt
843 1447 909 1498 haec
930 1461 976 1513 per
995 1447 1097 1498 formas
1117 1446 1328 1510 substantiales3
1348 1447 1396 1498 sed
1417 1448 1499 1498 etiam

325 1529 474 1581 secundum
490 1542 572 1580 omne
593 1527 661 1578 illud
676 1528 751 1593 quod
768 1527 884 1594 pertinet
905 1528 938 1578 ad
958 1542 1017 1579 esse
1037 1527 1147 1581 illorum
1162 1538 1338 1594 quocumque
1358 1528 1452 1579 modo.
1468 1529 1501 1579 Et

326 1609 364 1661 sic
385 1617 513 1675 opportet
532 1608 613 1660 etiam
635 1606 774 1659 materiam
797 1607 911 1674 primam
935 1622 1036 1674 ponere
1057 1619 1173 1660 creatam
1194 1609 1229 1660 ab
1248 1607 1402 1660 'universali
1419 1622 1501 1659 causa

325 1691 440 1742 entium.
456 1707 471 1738 s

390 1770 470 1822 Hisce
491 1770 530 1821 St.
552 1770 674 1820 Thomas
699 1768 824 1836 probavit
845 1783 873 1820 se
895 1782 1005 1820 causam
1027 1769 1188 1821 efficientem
1209 1781 1237 1821 et
1259 1784 1306 1836 per
1328 1783 1501 1836 consequens

327 1851 434 1903 finalem
460 1850 558 1902 melius
574 1849 718 1902 Aristotele
740 1859 768 1901 et
791 1849 903 1901 Platone
920 1849 1093 1903 intellexisse.
1111 1850 1200 1917 Opere
1224 1851 1341 1917 pretium
1365 1860 1437 1903 esset
1458 1866 1501 1903 ex·

328 1946 428 1999 ponere
447 1932 589 1998 quomodo
608 1931 688 1982 divus
707 1931 829 1982 Thomas
847 1944 957 1982 causam
976 1931 1085 1982 finalem
1101 1930 1233 1998 intelligat
1248 1942 1275 1982 et
1286 1946 1342 1997 quo
1358 1932 1385 1982 in
1405 1932 1500 1984 eadem

326 2012 481 2065 definienda
495 2012 663 2078 superaverit
679 2012 844 2077 Stagiritam.
