3278 5536
801 604 841 616 ..
881 589 913 632 ν]
954 604 994 616 -

1374 650 1486 708 Paginae.

312 728 438 786 Socratis
454 727 554 801 opinio
569 728 606 784 de
621 727 742 801 physica
745 769 1390 789 ...................
1451 734 1484 791 33

313 817 355 874 Ex
370 816 473 873 ordine
492 816 618 889 generali
639 817 743 889 probat
758 817 890 874 Socrates
905 817 1089 875 existentiam
1105 819 1289 877 ordinatoris
1314 865 1320 878 .
1349 864 1356 878 .
1385 865 1391 878 .
1452 822 1486 893 34

315 908 356 962 De
371 904 493 962 homine
508 905 631 978 eiusque
646 906 814 963 excellentia
818 949 1390 971 .................
1451 911 1484 967 35

314 996 433 1068 Propter
448 993 602 1051 hominem
617 994 717 1051 omnia
732 1007 802 1054 sunt
817 996 927 1070 optime
942 996 1077 1054 ordinata
1098 1038 1390 1056 .........
1451 999 1485 1056 36

315 1083 357 1138 De
370 1082 547 1139 Ordinatore
563 1083 667 1138 mundi
672 1125 1391 1145 .....................
1451 1088 1485 1143 38

313 1171 381 1241 Quo
395 1187 484 1228 sensu
501 1171 580 1229 Deus
597 1171 633 1228 sit
648 1189 736 1229 causa
755 1173 852 1230 finalis
871 1172 1005 1230 mundi?
1028 1217 1391 1234 ...........
1451 1177 1485 1248 39

313 1261 356 1318 De
368 1272 471 1318 natura
484 1259 536 1317 Dei
549 1260 672 1334 eiusque
684 1262 867 1335 providentia
877 1273 905 1319 et
917 1262 953 1319 de
966 1263 1106 1320 relatione
1119 1263 1170 1320 Dei
1183 1264 1220 1319 ad
1236 1265 1396 1321 mundum.
1452 1265 1486 1336 39

733 1470 748 1481 ,,
797 1405 945 1469 CAPUT
973 1405 999 1468 ll

315 1520 451 1578 Defectus
467 1520 598 1577 methodi
614 1503 801 1593 teleologicae
817 1521 947 1577 Socratis
958 1562 1391 1581 .............
1450 1539 1485 1594 42

314 1605 409 1663 Cuius
425 1617 544 1663 naturae
560 1607 597 1663 sit
611 1607 765 1679 teleologia
780 1607 935 1664 Socratis?
957 1649 1392 1667 .............
1450 1609 1485 1680 43

315 1695 476 1765 Quomodo
491 1695 676 1753 aestimanda
695 1695 732 1752 sit
750 1695 878 1752 Socratis
897 1696 1077 1769 teleologia?
1100 1739 1392 1755 .........
1450 1713 1487 1768 44

316 1784 427 1841 Relatio
442 1783 516 1841 inter
530 1784 680 1841 Socratem
695 1795 724 1841 et
739 1784 941 1856 Anaxagoram
957 1826 1393 1844 .............
1450 1785 1487 1857 46

793 2033 1009 2117 Pharo

317 2185 492 2242 Paooxasruti
507 2185 537 2241 in
558 2186 709 2243 Platonem
714 2226 1393 2242 ....................
1451 2201 1488 2257 49

778 2356 1029 2423 PHAEDO

809 2504 958 2569 CAPUT
985 2504 996 2566 l

317 2625 394 2695 Quid
415 2624 497 2680 Plato
512 2623 648 2695 objecerit
667 2621 823 2696 physicis?
837 2653 872 2662 -
892 2621 973 2678 Plato
994 2638 1044 2695 per
1062 2637 1166 2678 causas
1186 2621 1399 2695 metaphysicas

423 2713 486 2768 vult
500 2712 643 2786 explicare
658 2711 799 2783 originem
816 2726 913 2766 rerum
926 2750 1395 2768 ..............
1455 2712 1489 2767 52

318 2802 453 2861 critica
465 2803 626 2860 Platonis
639 2802 677 2858 ln
689 2802 954 2874 Anaxagoram.
967 2831 1002 2842 -
1013 2801 1095 2857 Plato
1105 2799 1264 2857 assentitur
1274 2807 1325 2854 νοῦν
1336 2817 1400 2857 esse

428 2908 524 2948 veram
533 2891 669 2948 omnium
679 2906 810 2946 causam.
822 2890 946 2946 —Plato
958 2889 1078 2962 requirit
1086 2889 1122 2946 ab
1130 2890 1305 2961 Anaxagora
1313 2891 1400 2946 teleo-

424 2981 547 3053 logicam
565 2996 661 3036 rerum
677 2980 902 3052 explicationem
915 2989 944 3034 et
959 2979 1098 3052 proponit
1111 2978 1312 3051 quaestiones,
1324 2995 1399 3051 quas

425 3071 623 3141 Anaxagoras,
636 3085 691 3141 ope
705 3077 753 3134 νοῦ,
766 3069 876 3125 solvere
889 3068 1003 3124 debeat.
1014 3099 1049 3108 -
1060 3067 1198 3123 Deiectus
1209 3069 1400 3139 Anaxagorae

424 3157 559 3214 consistit
577 3158 606 3213 in
625 3174 660 3213 eo
682 3158 763 3229 quod
783 3157 942 3229 singularia
962 3156 1132 3212 mechanice
1151 3155 1345 3228 explicaverit.
1366 3188 1401 3196 —

424 3247 584 3316 Quomodo
599 3246 697 3303 critica
717 3246 847 3304 Platonis
866 3247 902 3302 ab
918 3244 1081 3301 Aristotelis
1101 3245 1199 3301 critica
1213 3243 1352 3301 differat?
1365 3278 1401 3286 —

425 3338 520 3406 Quare
536 3336 598 3407 ipse
614 3336 695 3392 Plato
710 3335 739 3391 in
757 3353 774 3390 a
792 3336 979 3392 Phaedone»
997 3349 1059 3389 non
1074 3333 1199 3405 explicet
1212 3333 1400 3406 quaestiones

425 3424 589 3497 propositas
606 3424 825 3497 Anaxagorae?
853 3463 1394 3482 ................

807 3566 954 3630 CAPUT
978 3564 1004 3626 ll

319 3687 424 3757 Διὺννρνς
441 3691 513 3744 πλοῦς
531 3684 692 3742 Platonis
711 3683 758 3741 ad
774 3681 1049 3753 investigandas
1066 3695 1191 3738 rerum
1211 3694 1351 3738 causas.
1367 3711 1402 3720 -

426 3774 508 3829 Plato
538 3773 676 3846 proponit
703 3771 891 3846 hypothesim
925 3770 1067 3825 idearum.
1097 3801 1131 3810 —
1161 3771 1202 3825 De
1234 3768 1402 3825 causalitate

427 3862 568 3918 idearum.
582 3894 617 3902 -
632 3862 714 3918 ideae
730 3871 800 3916 sunt
814 3875 918 3915 causae
933 3859 1122 3931 exemplares,
1138 3859 1287 3926 formales,
1300 3857 1403 3914 finales

428 3968 445 4005 a
462 3950 691 4022 generationis»
709 3964 804 4005 rerum
821 3960 849 4004 et
863 3946 1019 4004 efficientes
1034 3988 1398 4006 ...........

321 4040 518 4113 Proponendo
534 4039 613 4095 ideas
634 4049 666 4095 ut
685 4053 799 4104 causas,
817 4038 898 4094 Plato
917 4047 999 4110 parat
1017 4037 1094 4092 viam
1109 4038 1145 4093 ad
1163 4055 1180 4092 a
1196 4035 1365 4092 Timaeum.
1383 4051 1400 4088 ν

424 4160 460 4169 -
482 4129 565 4184 ideae
586 4128 616 4183 in
638 4146 655 4182 a
679 4126 874 4184 Phaedone»
898 4137 970 4182 sunt
991 4126 1071 4182 aliud
1092 4142 1186 4198 genus
1205 4141 1311 4181 causae
1331 4124 1404 4181 suh-

425 4217 571 4275 intellecto
592 4225 622 4288 νῷ
644 4218 842 4289 Anaxagorae,
863 4226 896 4271 ut
920 4215 1117 4288 principaliori
1142 4230 1240 4271 causa.
1261 4214 1403 4270 -Solae

425 4307 505 4363 ideae
526 4323 586 4364 non
606 4306 753 4379 explicant
767 4304 954 4377 quaestiones
971 4304 1161 4376 Anaxagorae
1174 4304 1209 4359 ad
1226 4303 1402 4359 solvendum

426 4396 600 4469 propositas.
612 4427 646 4436 —
660 4395 741 4452 Plato
755 4411 815 4450 non
829 4393 1003 4450 determinat
1016 4393 1152 4459 modum,
1165 4407 1226 4464 quo
1238 4391 1289 4448 fiat
1303 4407 1403 4448 causa·
1469 4400 1472 4405 ’

400 4530 403 4539 .
427 4485 492 4545 litas
509 4485 641 4543 idearum
646 4522 1399 4543 ......................
1457 4480 1491 4534 62
