992 1577
477 244 587 260 -m—

238 279 282 299 apud
289 278 391 295 Aristotelem
400 279 480 296 habemus
486 279 559 300 primum
568 282 648 295 motorem
655 278 764 295 immobilem.
771 278 826 294 Motor

239 306 330 322 immobilis
338 309 392 322 movet
399 307 492 322 necfflitate
499 306 537 322 finis
544 309 608 327 propter
615 306 678 322 bonum
687 306 709 327 (p.
718 305 751 326 115)
759 305 824 324 scilicet,

239 332 337 354 Demiurgus
347 338 357 348 ιι
365 333 427 349 Philebi
435 339 445 348 »
457 333 506 349 libere
517 333 566 349 efficit
576 336 591 349 et
601 336 666 354 propter
676 337 723 348 susm
735 332 824 348 bonitatem

239 359 280 376 bene
289 360 343 376 efficit.
352 360 402 376 Actus
411 365 462 381 purus
470 360 561 376 Aristotelis
571 363 626 376 movet
635 363 653 376 ut
661 363 735 376 amatum
745 362 760 375 et
770 359 793 375 sic
802 362 825 374 est

238 386 318 403 terminus
325 392 334 403 a
344 392 377 408 quo
385 390 401 403 et
410 387 431 403 ad
442 392 502 408 quem;
511 387 609 408 Demiurgus
619 390 674 403 nutem
684 392 695 402 «
702 386 765 402 Philebi
772 391 782 401 »
790 390 824 401 non

238 416 262 429 est
273 414 305 429 nisi
316 414 397 430 terminus
408 419 418 430 a
429 419 474 435 quo;
486 419 525 430 eum
536 419 571 430 esse
582 414 671 430 terminum
682 413 703 430 ad
713 418 769 434 quern,
779 412 825 429 Plato

238 445 310 461 expresse
321 445 355 456 non
366 441 428 462 probat.

390 503 493 518 Similitudo
505 507 547 518 oum
560 509 567 517 ι
578 503 656 518 Timaeo.
666 508 674 516 ιο

278 547 296 562 ln
308 552 318 562 κ
328 547 397 563 Timaeo
408 553 418 563 »
429 547 475 563 Plato
485 548 576 569 requirebat
587 553 608 563 an
620 547 693 563 mundus
704 550 745 563 esset
754 547 823 568 genitus,

237 577 253 589 et
262 577 344 595 propterea
352 574 390 595 quia
398 574 480 590 sensibilis
487 578 511 590 est
520 574 601 591 conclusit
610 579 647 590 eum
658 574 748 590 necessario
758 574 824 590 initium

238 603 253 616 et
263 600 335 621 aliquam
346 606 412 617 causam
423 601 445 622 (p.
453 601 478 622 89.
487 602 501 622 s)
510 601 607 617 efficientem
619 601 682 617 habere.
694 601 713 617 ln
720 606 730 616 «
738 600 806 617 Philebo
814 606 824 616 ³·

237 628 296 648 pariter
313 628 384 644 ostendit
401 628 468 649 aliquod
486 631 533 644 ποιοῦν
550 633 584 644 esse
602 628 660 644 mundi
678 633 753 644 causam,
770 627 825 644 Causa

237 654 310 670 efficiens
323 655 340 670 in
352 660 362 669 κ
374 655 443 671 Timaeo
455 661 470 674 »‚
482 655 521 676 quia
532 655 594 676 optime
606 655 688 671 mundum
701 654 788 673 ordinavit,
801 657 825 670 est

238 680 287 699 bons,
299 681 397 702 Demiurgus
407 681 472 700 scilicet,
481 681 556 698 similiter
566 685 581 697 et
592 682 609 697 in
620 687 630 696 ι(
637 681 705 698 Philebo
712 687 722 696 »
731 681 770 702 quia
781 681 824 697 istud

237 710 282 723 ποιοῦν
294 712 313 723 ex
325 708 404 724 mixtione
415 711 473 724 cuncta
486 708 554 729 pulchra
565 711 580 724 et
593 708 636 724 bona
648 708 706 727 effecit,
718 708 780 724 bonurn
794 710 823 726 est,

237 739 274 749 vera
286 739 340 753 causa,
353 734 456 756 Demiurgus.
468 735 485 750 ld
498 735 604 751 solummodo
617 735 658 751 inter
669 741 679 749 ι
689 735 778 751 Timaeum
789 740 799 750 »
809 737 824 750 et

237 766 247 775 κ
259 760 346 777 Philebum
358 767 367 776 »
379 761 467 777 discrimen
479 761 509 777 sub
521 761 551 778 hoc
563 765 635 782 respectu
647 761 736 780 intercedit,
749 761 793 782 quod
806 762 823 777 in

238 787 268 803 huc
283 788 339 804 maiori
354 793 392 804 cum
407 789 512 809 praecisione,
526 793 576 809 quarn
592 789 608 804 in
624 788 652 804 illo
667 788 709 804 hanc
724 793 757 804 rem
772 793 825 804 enun-

236 814 288 830 tiavit.
297 815 315 830 ln
325 820 335 829 ι(
342 815 411 831 Timaeo
418 821 428 830 »
438 815 537 836 Demiurgus
548 820 577 831 sua
587 815 659 831 bonitate
668 815 717 831 veluti
728 815 824 831 architectus

237 841 304 862 quidam
316 846 335 857 ex
344 841 406 857 visibili
417 842 498 858 substrato
510 842 590 857 construit
602 842 684 857 mundum
697 841 781 862 applicans
793 846 825 858 nu—

238 872 291 884 meros
304 871 319 884 et
331 873 436 888 mensurum
449 869 508 889 pariter
521 869 538 884 in
550 874 560 884 «
569 868 636 884 Philebo
646 874 656 884 η
668 868 711 884 idem
725 869 823 889 Demiurgus

237 897 284 910 utens
294 895 364 914 infinito,
375 896 419 916 quod
430 895 453 911 nil
463 895 508 911 aliud
518 898 542 911 est
552 896 583 911 nisi
594 895 658 912 visibile
668 895 773 914 substratum,
785 896 824 911 mis-

236 921 289 937 cendo
306 922 320 938 ei
338 922 460 938 mathematicas
478 922 590 943 proportiones
607 925 622 939 ct
639 927 729 942 mensuras,
744 923 824 939 construit

238 948 319 964 mundum
330 949 384 970 quoad
394 949 474 965 ordinem.

392 1025 486 1040 Conclusio
499 1026 667 1044 “qumans-tionis.

278 1082 312 1098 Hac
329 1083 407 1103 superiori
425 1084 526 1104 expositione
543 1083 563 1099 de
581 1083 666 1104 principiis
684 1083 742 1099 mundi
757 1086 772 1099 et
788 1083 823 1099 eius

236 1113 285 1125 causa
301 1109 355 1130 quoad
372 1109 455 1129 ordinem,
471 1111 521 1126 utitur
536 1110 581 1126 Plato
595 1110 612 1126 in
630 1110 663 1126 fine
678 1110 823 1126 demonstrationis

236 1135 257 1151 ad
271 1135 404 1152 concludendum
419 1137 506 1152 cuiusnam
520 1137 583 1158 generis
601 1137 663 1152 bonum
679 1136 752 1152 hominis
766 1136 823 1152 debeat

236 1167 275 1178 esse.
284 1162 330 1178 Sicut
341 1162 404 1179 bonum
417 1164 487 1179 universi
501 1164 575 1179 consistit
587 1164 603 1179 in
616 1167 657 1179 recta
670 1163 748 1179 mixtione
762 1162 822 1178 infiniti

236 1194 274 1205 cum
285 1189 357 1208 finiente,
370 1190 391 1205 ita
403 1193 418 1205 et
430 1190 492 1206 bonum
506 1190 584 1209 hominis,
596 1190 624 1211 qui
637 1193 660 1205 est
671 1195 730 1210 parvus
743 1189 821 1208 mundus,

237 1215 323 1231 consistere
336 1216 383 1232 debet
397 1221 416 1232 ex
429 1217 508 1233 mixtione
521 1217 608 1238 voluptatis
620 1218 675 1237 (ἡδονή)
690 1221 727 1232 num
744 1216 822 1237 sapientia
