3278 5536
778 1078 950 1150 CAPUT
982 1080 1016 1147 H

847 1315 955 1332 m

545 1547 676 1624 critica
708 1548 912 1624 Aristotelis
945 1549 981 1623 in
1013 1548 1131 1623 ideam
1167 1547 1263 1622 boni.

816 1764 972 1776 ——1—1-

455 1963 637 2023 Quomodo
655 1961 870 2021 Aristoteles
887 1961 1143 2034 dlotmpuatur‘
1155 1976 1177 2018 a
1195 1942 1345 2056 Platone

423 2066 425 2071 '
608 2062 647 2119 in
670 2061 891 2133 deniqnando
909 2060 981 2118 tina
1002 2059 1192 2117 hominis?
1403 2072 1405 2075 ’

393 2259 484 2322 Sicut
513 2257 603 2322 Plato
632 2258 671 2321 de
697 2257 763 2320 fine
787 2257 944 2332 hominis,
961 2257 1017 2339 qui
1042 2268 1088 2319 est
1112 2255 1182 2319 idea
1207 2256 1297 2332 boni,
1316 2257 1350 2318 in
1371 2277 1391 2315 «
1415 2256 1489 2319 Rei·

314 2363 508 2447 publicae»
538 2362 629 2427 libris
653 2364 695 2425 in
726 2362 846 2446 quibus
880 2361 920 2425 de
955 2361 1134 2439 moralibus
1168 2363 1338 2444 praecipue
1370 2364 1486 2445 agitur,

313 2473 471 2546 tractavit,
500 2472 546 2533 sic
574 2482 604 2533 et
631 2468 817 2532 Aristoteles
847 2469 881 2530 in
914 2468 1006 2532 libris
1035 2469 1176 2532 ethicis¹
1203 2470 1349 2551 inquirit,
1375 2481 1486 2532 utrum

303 2570 384 2641 >idea
407 2577 485 2641 boni
509 2578 549 2639 sit
570 2577 746 2639 hominum
770 2575 895 2638 bonum
919 2595 974 2639 seu
997 2575 1102 2639 finis*

394 2683 485 2747 Plato
505 2683 682 2747 identificat
700 2701 890 2764 supremum
912 2681 1037 2746 bonum
1059 2683 1234 2747 hominum
1255 2695 1488 2749 cum.summo

313 2789 379 2853 fine
397 2791 496 2853 totius
516 2801 649 2852 naturae
670 2808 707 2852 ac
726 2788 766 2852 de
785 2801 922 2871 utroque
942 2790 975 2851 in
997 2811 1016 2849 «
1035 2789 1213 2873 Republica
1232 2812 1251 2851 »
1270 2791 1344 2872 agit}
1365 2790 1490 2855 Aristo-

312 2895 390 2960 teles
419 2910 540 2973 autem,
573 2899 655 2960 inter
682 2897 748 2959 duo
785 2896 876 2960 bona.
899 2896 1113 2981 distinguens,
1143 2898 1326 2962 considerat
1359 2897 1486 2961 bonum

315 3003 462 3066 hominis
473 3015 512 3073 ut
526 3003 689 3086 objectum
707 3004 858 3067 scientiae
879 3003 1022 3081 moralis,
1040 3024 1096 3068 seu
1112 3016 1147 3067 ut
1162 3005 1229 3086 ipse
1243 3004 1322 3069 dicit
1336 3005 1489 3068 scientiae

313 3109 514 3193 politicael.
546 3111 706 3175 Scientiae
734 3130 809 3174 vero
843 3131 899 3175 seu
937 3111 1163 3194 philosophiae
1197 3110 1489 3187 naturalis,-·iuxta

381 3356 403 3391 t.
425 3340 517 3392 Ethica
541 3341 746 3401 Nicomachum
770 3341 817 3399 lib,
839 3343 858 3402 l,
881 3356 904 3393 c.
928 3342 1094 3406 v1;Magna
1118 3341 1241 3400 Moralia,
1262 3341 1488 3402 l,·o.·1;hloral.

315 3420 617 3483 Eudaem.,l,c.v1u.
1165 3441 1168 3446 ·
1338 3456 1342 3462 ·
1407 3440 1409 3448 ’

378 3518 404 3552 2.
428 3501 544 3553 Scientia
575 3502 685 3568 politico
714 3495 844 3567 (ἐπιστήμη
867 3495 996 3565 πολιτική),
1018 3503 1152 3553 sententia
1180 3500 1342 3562 Aristotelis,
1367 3498 1490 3553 cohtinet

317 3581 397 3633 etiam
412 3581 526 3632 ethicam
542 3583 696 3647 specialem,
713 3583 797 3632 immo
816 3581 904 3632 ethica
924 3580 1053 3632 naturalis
1073 3592 1114 3632 est
1133 3581 1341 3632 fundamentum
1361 3581 1489 3633 scientiae

317 3661 449 3728 politicae,
465 3662 529 3729 quia
550 3662 676 3727 politicus
697 3663 777 3714 debet
796 3661 863 3713 scire
879 3660 946 3728 quid
961 3662 997 3713 sit
1013 3661 1116 3727 justum
1132 3661 1218 3727 ipsius
1231 3661 1297 3726 justi
1315 3661 1399 3727 gratia
1414 3661 1489 3714 iuxta

316 3741 382 3792 illud
397 3743 477 3805 (Mor.
493 3743 634 3803 Eudaem.,
651 3743 670 3803 i,
686 3758 709 3794 c.
725 3759 751 3802 v,
767 3758 793 3808 p.
813 3742 864 3809 187,
879 3758 903 3792 v.
918 3744 979 3806 42):
1000 3733 1028 3788 ‘0
1042 3736 1083 3805 μὲν
1097 3734 1142 3807 γὰρ
1156 3738 1275 3794 πολιτικὸς
1290 3742 1335 3786 τῶν
1348 3741 1425 3786 καλῶν
1437 3737 1490 3788 ἐστι

319 3814 422 3886 πράξεων
435 3815 594 3886 προαιρετικὸς
612 3815 688 3868 αὐτῶν
702 3818 779 3887 χάριν.
795 3821 933 3882 Similiter,
951 3822 1032 3882 idem,
1048 3836 1071 3872 c.
1088 3838 1124 3883 v1,
1141 3837 1166 3888 p.
1186 3821 1237 3880 188,
1255 3837 1278 3872 v.
1294 3821 1346 3886 45.·
1387 3842 1389 3847 ·

378 3902 416 3953 De
429 3901 477 3952 hac
492 3901 651 3967 quaestione
667 3902 767 3968 largius
782 3901 906 3963 tractavit
920 3900 943 3951 J.
960 3901 1091 3952 Marietan
1108 3903 1142 3966 l«
1158 3901 1300 3952 Probleme
1311 3901 1343 3952 de
1359 3901 1384 3951 la
1398 3901 1490 3953 classi·

316 3981 423 4031 fication
443 3982 491 4032 des
512 3982 639 4043 sciences‚
656 3982 802 4034 d'llristote
824 3981 838 4032 a
858 3981 929 4033 saint
943 3982 1073 4033 Thomas.
1090 3981 1189 4032 These.
1205 3999 1221 4031 »
1236 3980 1448 4033 saint-Maurice
1463 3993 1490 4033 et

316 4059 399 4120 Paris,
422 4064 505 4126 ¹90¹)
524 4076 540 4112 a
560 4074 619 4129 pag.
643 4061 744 4128 38-41.
759 4062 787 4114 P.
809 4076 847 4128 40
867 4061 904 4112 ita
926 4060 1013 4113 dicit:
1035 4063 1115 4112 «Par
1136 4060 1313 4128 consequent,
1329 4061 1356 4112 le'
1376 4070 1433 4112 mot
1447 4062 1489 4114 'de

316 4139 419 4190 science
440 4129 640 4206 potitique-est·
653 4157 690 4191 un
709 4151 794 4193 terme
813 4139 962 4207 generique
981 4151 1090 4193 servant
1101 4141 1125 4192 lt
1140 4139 1264 4206 designer
1276 4141 1309 4191 'la
1322 4140 1426 4191 scienc'e
1441 4140 1488 4207 qui

316 4221 464 4283 comprend
480 4231 507 4271 et
521 4221 650 4287 l’ethique
665 4231 692 4272 et
713 4221 739 4273 la
758 4220 862 4274 science
879 4220 914 4271 de
932 4220 1011 4272 l'Etat
1026 4236 1061 4271 ou
1082 4220 1215 4285 politique
1230 4236 1266 4270 au
1286 4234 1348 4273 sens
1364 4218 1489 4272 restr'ei'nt

316 4299 393 4353 dece
408 4311 504 4354 mot.»
