3278 5536
540 1044 777 1154 INDEX
833 1042 1087 1157 RERUM

720 1276 906 1316 *dt-

1287 1363 1397 1424 Paginae.

234 1466 407 1522 Paooxuruu
427 1497 1288 1521 .........................
1386 1471 1394 1510 ι

598 1750 1036 1851 ANAXAGORAS

719 1927 867 1991 caput
899 1926 909 1989 1

232 2045 382 2116 Quaedam
399 2044 589 2116 Anaxagorae
605 2044 766 2100 sententiae
769 2080 1307 2101 ................

232 2135 273 2189 De
288 2133 431 2207 principio
451 2132 592 2189 materiali
607 2132 685 2206 apud
702 2133 907 2205 Anaxagoram
912 2170 1307 2189 ............

231 2223 273 2278 De
288 2222 432 2296 principio
448 2233 585 2278 movente
600 2221 679 2294 apud
695 2222 902 2294 Anaxagoram
909 2259 1306 2277 ............

229 2311 332 2367 Critica
348 2310 513 2367 Aristotelis
527 2310 626 2383 quoad
646 2311 793 2367 materiale
814 2310 990 2384 principium
1016 2349 1308 2366 .........
1385 2321 1401 2376 7

230 2401 418 2473 Anaxagoras
434 2400 526 2456 nescit
540 2400 755 2472 generationem
773 2399 888 2473 proprie
902 2400 1009 2456 dictam
1019 2438 1308 2455 .........
1384 2411 1402 2466 9

230 2489 336 2546 Critica
351 2489 516 2546 Aristotelis
531 2490 562 2545 in
577 2489 754 2563 principium
772 2505 895 2546 movens
909 2528 1308 2545 ............
1372 2500 1402 2540 ιο

231 2579 372 2635 Reductio
388 2579 598 2652 principiorum
615 2581 805 2652 Anaxagorae
817 2580 854 2636 ad
870 2579 944 2635 duas
959 2594 1063 2635 causas

233 2667 391 2738 Quomodo
406 2669 595 2740 Anaxagoras
611 2683 685 2724 usus
696 2668 738 2724 sit
751 2675 782 2740 νῷ
797 2678 831 2724 ut
845 2683 934 2724 causa
944 2706 1308 2724 ...........
1372 2679 1398 2718 tr

712 2811 861 2875 CAPUT
887 2810 915 2873 11

230 2929 336 2998 Quales
354 2944 459 2986 causae
473 2941 540 2984 ante
556 2931 760 3001 Anaxagoram
782 2941 868 2986 notae
888 2928 1027 2985 fuerint?
1050 2926 1070 2984 .’
1085 2969 1309 2985 .......
1372 2943 1401 2981 12

231 3019 366 3075 Rationes
381 3034 470 3091 quare
484 3024 533 3072 νοῦν
548 3031 581 3074 ut
595 3034 715 3074 causam
732 3031 825 3092 ponat
836 3056 1309 3076 ..............
1372 3016 1401 3070 13

229 3115 289 3168 tuoe
301 3118 345 3164 est
359 3123 448 3164 causa
463 3107 589 3164 efficiens
605 3123 656 3179 per
670 3123 710 3174 se,
721 3119 750 3164 et
764 3124 815 3179 per
828 3106 967 3164 accidens
979 3118 1094 3164 tantum
1105 3121 1193 3163 causa
1205 3104 1311 3161 finalis.
1372 3105 1401 3160 15

704 3249 854 3314 CAPUT
877 3250 920 3313 lll

231 3367 272 3421 De
287 3377 391 3422 natura
404 3365 570 3422 intellectus
580 3366 709 3437 eiusque
728 3365 956 3439 proprietatibus
980 3406 1308 3423 ..........
1372 3363 1402 3418 ι8

231 3455 341 3511 Relatio
360 3455 436 3511 inter
450 3455 598 3511 mundum
615 3466 642 3511 et
656 3463 705 3509 νοῦν
728 3499 735 3512 .
756 3508 758 3513 ,
764 3497 1307 3513 ................
1368 3467 1402 3507 20

231 3546 418 3616 Anaxagoras
432 3546 563 3599 animam
578 3544 735 3600 confundit
749 3561 818 3601 cum
834 3552 865 3616 νῷ
871 3586 1307 3602 .............
1368 3557 1397 3597 21

231 3635 275 3688 An
295 3641 344 3694 ννῡς
364 3633 401 3690 sit
421 3633 526 3689 Deus?
549 3674 1307 3691 ......................
1368 3647 1401 3687 aa

230 3721 324 3789 Quem
344 3722 443 3777 locum
460 3720 631 3777 Arimoteles
649 3721 781 3777 tribuerit
796 3722 987 3794 Anaxagorae
1002 3721 1076 3777 inter
1089 3718 1315 3795 philosophos?
1367 3730 1404 3789 24

230 3810 389 3867 Conclusio
406 3851 1307 3869 ..........................
1368 3809 1403 3864 28

643 4050 986 4144 souRnuus

719 4219 867 4284 CAPUT
894 4220 905 4282 l

231 4319 272 4374 De
290 4319 478 4392 philosophia
495 4318 705 4376 antesocratica
730 4361 1308 4378 .................
1369 4321 1399 4376 31

229 4409 361 4465 Socrates
379 4408 494 4480 quaerit
510 4424 546 4464 ex
562 4408 735 4480 Anaxagora
754 4409 954 4481 teleologicam
974 4424 1071 4464 rerum
1091 4409 1311 4484 particularium

335 4497 559 4572 explicationem
587 4537 1310 4559 .....................
1369 4498 1403 4554 33
